% This file was created with Citavi 6.14.4.0

@article{Adams.2021,
 author = {Dr. Adams, D.},
 year = {2021},
 title = {Lineare Algebra 1},
 url = {http://adams-science.com/wp-content/uploads/lineare_algebra01/arbeitsmappe_lalg1_all_aufg_webpage.pdf},
 urldate = {2022-01-25},
 language = {de;},
 abstract = {},
 pagetotal = {314},
 file = {arbeitsmappe_lalg1_all_aufg_webpage:Attachments/arbeitsmappe_lalg1_all_aufg_webpage.pdf:application/pdf}
}


@article{Afanasenkau.2012,
 author = {Afanasenkau, Dzmitry and Offenhäusser, Andreas},
 year = {2012},
 title = {Positively charged supported lipid bilayers as a biomimetic platform for neuronal cell culture},
 urldate = {2023-03-06},
 pages = {13387--13394},
 pagination = {page},
 volume = {28},
 journaltitle = {Langmuir : the ACS journal of surfaces and colloids},
 language = {eng},
 doi = {10.1021/la302500r},
 number = {37},
 abstract = {The supported lipid bilayer (SLB) is a well-known system for studying the cell membrane and membrane proteins. It is also promising as a platform for studying cell processes: the cell adhesion, the cell membrane receptors, and the intercellular signaling processes. SLBs made of natural lipids appeared to be protein and cell repellent. Thus, to use the SLB as a substrate for cells, one should functionalize them to provide adhesion. In the present paper, we describe a simple approach to promote adhesion of neuronal cells to the SLB without using proteins or peptides, by introducing positively charged lipids 1,2-dioleoyl-3-trimethylammonium-propane (DOTAP) into the SLB made of 1-palmitoyl-2-oleoyl-sn-glycero-3-phosphocholine (POPC). We show that neurons adhere to these bilayers and grow for at least 10 days. The SLBs themselves were found to degrade with time in cell culture conditions, but maintained fluidity (as revealed by fluorescence recovery after photobleaching), demonstrating the possibility of using SLBs for studying neuronal cells in culture.},
 pagetotal = {8},
 note = {Journal Article
Research Support, Non-U.S. Gov't
Journal Article
Research Support, Non-U.S. Gov't},
 eprint = {22920161}
}


@book{Amann.2008,
 author = {Amann, Herbert and Escher, Joachim},
 year = {2008},
 title = {Analysis},
 edition = {2. Aufl.},
 publisher = {Birkhäuser},
 isbn = {978-3-7643-8883-6},
 language = {ger},
 series = {Grundstudium Mathematik},
 abstract = {},
 file = {}
}


@book{Amann.2010,
 author = {Amann, Herbert and Escher, Joachim},
 year = {2010},
 title = {Analysis 1},
 edition = {3. Auflage, 2. Nachdruck},
 publisher = {Birkhaeuser},
 isbn = {3-7643-7755-0},
 language = {ger},
 location = {Basel},
 series = {Grundstudium Mathematik},
 abstract = {},
 pagetotal = {445},
 note = {Amann, Herbert (VerfasserIn)
Escher, Joachim (VerfasserIn)}
}


@misc{Andrle.07.01.2014,
 author = {Andrle, Anna and Pfitzer, Sebastian},
 year = {19.12.2021},
 title = {Grundpraktium II: E3 - Transformator},
 url = {https://pfitzseb.github.io/files/protokolle/e3.pdf},
 abstract = {},
 organization = {{Mathematische-Naturwissenschaftliche Fakultät and Physik Institut}},
 file = {e3:Attachments/e3.pdf:application/pdf},
 language = {de;}
}

@book{Arens.2015,
 author = {Arens, Tilo and Hettlich, Frank and Karpfinger, Christian and Kockelkorn, Ulrich and Lichtenegger, Klaus and Stachel, Hellmuth},
 year = {2015},
 title = {Mathematik},
 edition = {3. Auflage},
 publisher = {{Springer Spektrum}},
 isbn = {978-3-642-44918-5 },
 language = {ger},
 location = {Berlin and Heidelberg},
 series = {Lehrbuch},
 abstract = {},
 pagetotal = {1630},
 note = {Arens, Tilo (VerfasserIn)
Hettlich, Frank (VerfasserIn)
Karpfinger, Christian (VerfasserIn)
Kockelkorn, Ulrich (VerfasserIn)
Lichtenegger, Klaus (VerfasserIn)
Stachel, Hellmuth (VerfasserIn)}
}


@misc{Arrigoni.20.11.2015,
 author = {Prof. Arrigoni, Enrico},
 year = {20.11.2015},
 title = {Elektromagnetische Felder und Elektrodynamik},
 url = {https://itp.tugraz.at/~arrigoni/vorlesungen/elektrodynamik/scripts-elektro/actual/allscript.pdf},
 urldate = {2023-01-15},
 abstract = {},
 pagetotal = {262},
 location = {Graz, Österreich},
 userb = {11:30},
 userc = {15.01.2023},
 organization = {{Technische Universität Graz}},
 file = {allscript:Attachments/allscript.pdf:application/pdf},
 language = {ger}
}


@misc{Bar.17.10.2008,
 author = {Bär, Oliver},
 year = {17.10.2008},
 title = {Natürliche Einheiten},
 url = {http://www-com.physik.hu-berlin.de/~obaer/teaching/stdmodell/Handouts/natunits.pdf},
 urldate = {2022-10-23},
 abstract = {},
 location = {Berlin, Deutschland},
 userb = {18:55 Uhr},
 language = {de;},
 subtitle = {Umrechnungstabelle}
}


@book{Bartelmann.2015,
 author = {Bartelmann, Matthias and Feuerbacher, Björn and Krüger, Timm and Lüst, Dieter and Rebhan, Anton and Wipf, Andreas},
 year = {2015},
 title = {Theoretische Physik},
 url = {http://nbn-resolving.org/urn:nbn:de:bsz:31-epflicht-1624221},
 publisher = {{Springer Berlin Heidelberg}},
 isbn = {978-3-642-54617-4},
 language = {ger},
 location = {Berlin, Heidelberg},
 abstract = {},
 pagetotal = {1315},
 note = {Bartelmann, Matthias (VerfasserIn)
Feuerbacher, Björn (VerfasserIn)
Krüger, Timm (VerfasserIn)
Lüst, Dieter (VerfasserIn)
Rebhan, Anton (VerfasserIn)
Wipf, Andreas (VerfasserIn)}
}


@book{Baumann.2022,
 author = {Baumann, Peter},
 year = {2022},
 title = {Ausgewählte Sensorschaltungen},
 edition = {4., überarbeitete und erweiterte Auflage},
 publisher = {{Springer Vieweg}},
 isbn = {978-3-658-35706-1},
 subtitle = {Vom Datenblatt zur Simulation},
 language = {ger},
 series = {Springer eBook Collection},
 abstract = {NTC- und PTC-Temperatursensoren ‐ Bandabstandsquelle ‐ Feuchtesensoren ‐ Gabelkoppler ‐ Farbsensor ‐ Folien-Kraftsensor als Schalter ‐ DMS am Baustahl-Biegestab ‐ Hall-Schalter ‐ Reed-Relais ‐ Piezoelektrische Summer ‐ Ultraschall-Abstandswarner ‐ Akustische Oberflächenwellen-Verzögerungsleitung ‐ Akustische Oberflächenwellen-Resonatoren ‐ Gassensoren.

In diesem Buch werden die Schritte angegeben, mit denen man aus den Datenblättern der Sensor-Hersteller die Modellparameter ermitteln kann, die zu einer Schaltungssimulation benötigt werden. Des Weiteren wird gezeigt, wie dem jeweiligen Sensor die Abhängigkeit von Temperatur, Feuchte, Licht, Druck, Kraft oder Magnetfeld in Gleichungsform aufgeprägt werden kann. Zu Sensorschaltungen wie Bandabstandsquelle, Feuchtesensor, IR-Lichtschranke, DMS-Brücke, piezoelektrischer Summer sowie Anwendungen von US-Wandlern und akustischen Oberflächenwellen-Bauelementen werden die PSPICE-Analysen ausführlich dokumentiert. Die simulierten Sensorschaltungen können für sich und als Ausgangspunkt zu Labormessungen im Rahmen der Bachelor-Ausbildung genutzt werden. Der Inhalt NTC- und PTC-Temperatursensoren Bandabstandsquelle Feuchtesensoren Gabelkoppler Farbsensor Folien-Kraftsensor als Schalter DMS am Baustahl-Biegestab Hall-Schalter Reed-Relais Piezoelektrische Summer Ultraschall-Abstandswarner Akustische Oberflächenwellen-Verzögerungsleitung Akustische Oberflächenwellen-Resonatoren Gassensoren Die Zielgruppen Studierende der Studiengänge Elektrotechnik, Mechatronik, Technische und Angewandte Physik, Energietechnik sowie Maschinenbau an Fachhochschulen und Universitäten Ingenieure in ergänzender Weiterbildung Der Autor Prof. Dr.-Ing. habil. Peter Baumann war als Lehrbeauftragter für das Modul Ausgewählte Kapitel der Elektrotechnik an der Hochschule Bremen tätig.},
 doi = {10.1007/978-3-658-35707-8},
 note = {Baumann, Peter (VerfasserIn)}
}


@book{Beddies.2014,
 author = {Beddies, Gunter and Franke, Thomas and Galvosas, Petrik and Rieger, Peter},
 year = {2014},
 title = {Physikalisches Praktikum},
 keywords = {Praktikum},
 edition = {14., überarbeitete und erweiterte Auflage},
 publisher = {{Springer Spektrum}},
 isbn = {978-3-658-00666-2},
 series = {Lehrbuch},
 language = {ger},
 abstract = {},
 note = {Schenk, Wolfgang (VerfasserIn)  Kremer, Friedrich (VerfasserIn)  Beddies, Gunter (VerfasserIn)  Franke, Thomas (VerfasserIn)  Galvosas, Petrik (VerfasserIn)  Rieger, Peter (VerfasserIn)  Ilberg, Waldemar (BegründerIn eines Werks)  Krötzsch, Manfred (Sonstige Person, Familie und Körperschaft)  Geschke, D. (Sonstige Person, Familie und Körperschaft)},
 editor = {Schenk, Wolfgang and Kremer, Friedrich}
}




@book{Berger.1992,
 author = {Berger, Christoph},
 year = {1992},
 title = {Teilchenphysik},
 publisher = {Springer},
 isbn = {978-3-540-54218-6},
 subtitle = {Eine Einführung ; mit 38 Tabellen},
 language = {ger},
 location = {Berlin and Heidelberg},
 series = {Springer-Lehrbuch},
 abstract = {},
 pagetotal = {315}
}


@book{Berger.2014,
 author = {Berger, Christoph},
 year = {2014},
 title = {Elementarteilchenphysik},
 edition = {3., aktualisierte und überarb. Aufl.},
 publisher = {{Springer Spektrum}},
 isbn = {978-3-642-41752-8},
 subtitle = {Von den Grundlagen zu den modernen Experimenten ; mit 56 Tabellen und 88 Übungen mit Lösungshinweisen},
 language = {ger},
 location = {Berlin and Heidelberg},
 series = {Springer-Lehrbuch},
 abstract = {},
 pagetotal = {528},
 doi = {10.1007/978-3-642-41753-5}
}


@book{Bernstein.2022,
 author = {Bernstein, Herbert},
 year = {2022},
 title = {Elektropneumatische und elektrohydraulische Bauelemente in der Mechatronik},
 edition = {1st ed. 2022},
 publisher = {{Springer Fachmedien Wiesbaden and Imprint Springer Vieweg}},
 isbn = {978-3-658-34444-3},
 subtitle = {Konstruktion von sicherheitsgerichteten Steuerungen für Industrie 4.0},
 language = {ger},
 series = {Springer eBook Collection},
 abstract = {Grundlagen pneumatischer und hydraulischer Steuerungen ‐ Bauelemente der Hydraulik ‐ Bauelemente der Pneumatik ‐ Bauelemente für elektropneumatische und elektrohydraulische Steuerungen ‐ Elektrische Antriebstechnik ‐ Einsatz von speicherprogrammierbaren Steuerungen in der Praxis ‐ Beispiele elektropneumatischer und elektrohydraulischer Steuerungen.

Mit der Entwicklung technischer Produkte sind die Anforderungen an die Industrie 4.0 besonders hoch. Dieses Lehrbuch liefert einen Überblick über die mechanischen und elektrischen Bauelemente, die in elektrohydraulischen und -pneumatischen Maschinen und Anlagen zum Einsatz kommen. Zudem wird auf die elektrische Sicherheitstechnik eingegangen. Ein Einstieg in speicherprogrammierbare Steuerungen und in die dahinterstehende Logik runden das Buch ab. Der elektronische, informationstechnische, mechanische, pneumatische und hydraulische Entwickler erhält somit eine Übersicht für sein praktisches Arbeiten. Der Inhalt Grundlagen pneumatischer und hydraulischer Steuerungen Bauelemente der Hydraulik Bauelemente der Pneumatik Bauelemente für elektropneumatische und elektrohydraulische Steuerungen Elektrische Antriebstechnik Einsatz von speicherprogrammierbaren Steuerungen in der Praxis Beispiele elektropneumatischer und elektrohydraulischer Steuerungen Die Zielgruppen Ingenieure, Techniker, Meister und alle, die sich in die Mechatronik einarbeiten müssen Studierende technischer Fachrichtungen. Der Autor Dipl.-Ing. Herbert Bernstein war viele Jahre in der Wirtschaft tätig und lehrte als Dozent an Elektroinnung und IHK sowie an Technikerschulen.},
 doi = {10.1007/978-3-658-34445-0},
 note = {Bernstein, Herbert (VerfasserIn)}
}


@book{Bethge.2007,
 author = {Bethge, Klaus and Walter, Gertrud and Wiedemann, Bernhard},
 year = {2007},
 title = {Kernphysik},
 url = {http://nbn-resolving.org/urn:nbn:de:bsz:31-epflicht-1519958},
 edition = {3., aktualisierte u. erw. Aufl. 2008},
 publisher = {{Springer Berlin Heidelberg}},
 isbn = {978-3-540-74566-2},
 subtitle = {Eine Einführung},
 language = {ger},
 location = {Berlin, Heidelberg},
 series = {Springer-Lehrbuch},
 abstract = {},
 pagetotal = {404},
 note = {Bethge, Klaus (VerfasserIn)
Walter, Gertrud (VerfasserIn)
Wiedemann, Bernhard (VerfasserIn)}
}


@online{Bleckneuhaus.2022,
 author = {Bleckneuhaus and Ingorant69},
 editor = {Wikipedia},
 year = {2022},
 title = {Wiensches Strahlungsgesetz},
 url = {https://de.wikipedia.org/w/index.php?title=Wiensches_Strahlungsgesetz&oldid=220904293},
 urldate = {2022-04-26},
 abstract = {Das Wiensche Strahlungsgesetz war ein empirischer Versuch von Wilhelm Wien, die von einem Schwarzen Körper ausgesandte thermische Strahlung in Abhängigkeit von der Wellenlänge zu beschreiben. Es gibt das Wiensche Verschiebungsgesetz qualitativ richtig wieder.},
 file = {Wikipedia (Hg.) 2022 - Wiensches Strahlungsgesetz:Attachments/Wikipedia (Hg.) 2022 - Wiensches Strahlungsgesetz.pdf:application/pdf},
 note = {Creative Commons Attribution-ShareAlike License
Page Version ID: 220904293},
 language = {de}
}


@book{Bm.18,
 author = {Bartelmann, Matthias and Feuerbacher, Björn and Krüger, Timm and Lüst, Dieter and Rebhan, Anton K. and Wipf, Andreas},
 year = {2018},
 title = {Theoretische Physik 1 / Mechanik},
 publisher = {{Springer Spektrum}},
 isbn = {978-3-662-56114-0},
 language = {ger},
 location = {Berlin, Heidelberg},
 abstract = {Die Newton’schen Axiome -- Koordinationstransformationen und beschleunigte Bezugssysteme -- Systeme von Punktmassen -- Starre Körper -- Lagrange-Formalismus und Variationsrechnung -- Schwingungen -- Hamilton-Formalismus -- Kontinuumsmechanik -- Spezielle Relativitätstheorie -- Relativistische Mechanik



Das beliebte Buch Theoretische Physik wird jetzt erstmalig in korrigierter und ergänzter Form in Einzelbänden angeboten. Das ermöglicht den Studierenden, die handlichen Bände zum Lernen, Aufgabenlösen und zum schnellen Nachschlagen leichter mitnehmen und nutzen zu können. Gleichzeitig wird die gesamte theoretische Physik des Bachelorstudiums (und darüber hinaus) in den vier Bänden aufeinander abgestimmt präsentiert. Das vorliegende Buch ist der erste Teil der vierbändigen Reihe und deckt den Lehrstoff der Bachelorvorlesung zur Theoretischen Mechanik großer Universitäten in Deutschland, Österreich und der Schweiz möglichst umfassend ab. Die besondere Stärke dieser Reihe liegt darin, den Leser mit einer Vielzahl von didaktischen Elementen beim Lernen zu unterstützen: -Alle Kapitel werden mit grundsätzlichen Fragen eingeleitet -Wichtige Aussagen, Formeln und Definitionen sind übersichtlich hervorgehoben -Beispiele regen zum Aktivwerden an -Selbstfragen helfen dem Leser, den behandelten Stoff zu reflektieren -„So geht’s weiter“-Abschnitte, beispielsweise über den Lense-Thirring-Effekt oder Determinismus und Chaos ermöglichen einen Blick über den Tellerrand und geben Einblicke in aktuelle Forschung -Anhand ausführlich gelöster Aufgaben kann das Gelernte überprüft und gefestigt werden -Mathematische Boxen sind zum schnellen Nachschlagen herausgehoben -Alle Bände sind durchgehend vierfarbig und mit übersichtlichen Grafiken gestaltet. Die Autoren haben ihre langjährige und vielfach hervorragend bewertete Lehrerfahrung in das Werk einfließen lassen. Darüber hinaus gelingt es ihnen, die Zusammenhänge in der Theoretischen Physik auch bandübergreifend klar werden zu lassen. Der Inhalt Die Newton’schen Axiome - Koordinationstransformationen und beschleunigte Bezugssysteme - Systeme von Punktmassen - Starre Körper - Lagrange-Formalismus und Variationsrechnung - Schwingungen - Hamilton-Formalismus - Kontinuumsmechanik - Spezielle Relativitätstheorie - Relativistische Mechanik Die Autoren Matthias Bartelmann ist seit 2003 Professor für theoretische Astrophysik an der Universität Heidelberg. Für seine Vorlesungen zu verschiedenen Gebieten der theoretischen Physik und Astrophysik erhielt er 2008 und 2016 den Lehrpreis seiner Fakultät. Björn Feuerbacher hat in Heidelberg Physik studiert und dort am Institut für Theoretische Physik über ein Thema der Quantenfeldtheorie promoviert. Er arbeitet seit 2007 als Lehrer für Mathemati ...},
 pagetotal = {398},
 doi = {10.1007/978-3-662-56115-7},
 note = {Bartelmann, Matthias (VerfasserIn)
Feuerbacher, Björn (VerfasserIn)
Krüger, Timm (VerfasserIn)
Lüst, Dieter (VerfasserIn)
Rebhan, Anton K. (VerfasserIn)
Wipf, Andreas (VerfasserIn)}
}


@book{Boeck.2022,
 author = {Boeck, Dr.-Ing. Erich},
 year = {2022},
 title = {Lehrgang Elektrotechnik und Elektronik},
 edition = {2nd ed. 2022},
 publisher = {{Springer Fachmedien Wiesbaden and Imprint Springer Vieweg}},
 isbn = {978-3-658-36954-5},
 subtitle = {Theoretische Grundlagen der Elektrotechnik und Elektronik mit ihren Anwendungen zur Analyse elektrotechnischer Prozesse},
 language = {ger},
 series = {Springer eBook Collection},
 abstract = {Vorgänge in elektrischen Leitern, Nichtleitern und im Magnetfeld ‐ Analyse von Stromkreisen und Netzwerken und zeitveränderlichen Signalen ‐ Halbleiterbauelemente, analoge und digitale Schaltungstechnik ‐ Analyse von Signalen und Systemen ‐ Übersicht zur Regelungstechnik ‐ Energiewandlung und elektrische Antriebe ‐ Leistungselektronische Energiewandler ‐ Exkurs zur benötigten Mathematik.

Im Lehrbuch werden die theoretischen Grundlagen der Elektrotechnik und Elektronik mit ihren Anwendungen zur Analyse elektrotechnischer Geräte, Einrichtungen und Anlagen dargestellt. Die theoretischen Grundlagen sind ein anerkanntes „Werkzeug“ zur Bewältigung praktischer Aufgaben. Ziel ist eine Anleitung zur selbstständigen Erarbeitung von Inhalten sowie deren Einordnung in den Gesamtzusammenhang. Im Vordergrund stehen deshalb das Kennen, Einordnen und Verstehen des Zusammenwirkens der theoretischen Begriffe, das Bewerten von Inhalten der Fachliteratur sowie neuer Entwicklungsrichtungen und insbesondere das Analysieren und Aufklären der Funktionsweise von Anwendungen. Der Inhalt Vorgänge in elektrischen Leitern, Nichtleitern und im Magnetfeld Analyse von Stromkreisen und Netzwerken und zeitveränderlichen Signalen Halbleiterbauelemente, analoge und digitale Schaltungstechnik Analyse von Signalen und Systemen Übersicht zur Regelungstechnik Energiewandlung und elektrische Antriebe Leistungselektronische Energiewandler Exkurse zur benötigten Mathematik Die Zielgruppen Lehramtsstudierende zum Berufsschullehrer für elektrotechnische Berufe Berufsschullehrer für elektrotechnische Berufe und Fachinformatiker Studierende der Ingenieurwissenschaften und Informatik Der Autor Dr.-Ing. Erich Boeck ist gelernter Fernmeldebaumonteur. Nach Diplom sowie Promotion an der Universität Rostock, folgte eine Vertretungsprofessur und die Fortsetzung der Tätigkeit als Oberingenieur im jetzigen Institut für Technische Bildung und Hochschuldidaktik an der Technischen Universität Hamburg-Harburg.},
 doi = {10.1007/978-3-658-36955-2},
 note = {Boeck, Dr.- Ing. Erich (VerfasserIn)}
}


@misc{Bott.02.02.21,
 author = {Bott, Carla Maria},
 year = {07.02.2022},
 title = {E5 Gleichrichterschaltungen},
 abstract = {},
 subtitle = {Grundpraktikum II},
 file = {E5 Gleichrichterschaltungen_Bott:Attachments/E5 Gleichrichterschaltungen_Bott.pdf:application/pdf},
 language = {de;}
}


@book{Bronstein.2012,
 author = {Bronstein, I. N. and Semendjajew, K. A. and Musiol, G. and Mühlung, H.},
 year = {2012},
 title = {Taschenbuch der Mathematik},
 edition = {8., vollst. überarb. Aufl.},
 publisher = {{Verlag Harri Deutsch}},
 isbn = {978-3-8171-2008-6},
 language = {de;},
 abstract = {Rez.: Der {\textquotedbl}Bronstein{\textquotedbl} enthält in kompakt-übersichtlicher Form einen Querschnitt der Mathematik wie ihn Ingenieure, Naturwissenschaftler und Mathematiker zum Nachschlagen benötigen. Die von den Herausgebern angestrebte Aktualität und Praxisnähe spiegelt sich in den Ergänzungen der aktuellen Ausgabe wider (6. Auflage: BA 11/05; ältere Auflagen ersetzen). So wurde etwa die Darstellung von geometrischen Transformationen und Koordinatentransformationen im Hinblick auf Anwendungen in der Bildverarbeitung und Robotik zusammengefasst oder Matlab-, Mathematica- und Maple-Lösungen für numerische Standardaufgaben ergänzt. - Wichtiges Nachschlagewerk für Studium und Berufspraxis. (1 A)

Der {\textquotedbl}Bronstein{\textquotedbl} enthält in kompakt-übersichtlicher Form einen Querschnitt der Mathematik, wie ihn Ingenieure, Naturwissenschaftler und Mathematiker zum Nachschlagen benötigen. Die Herausgeber streben laut Vorwort neben Aktualität vor allem Praxisnähe an und sind dem durch die Ergänzung einiger instruktiver Beispiele nachgekommen. Struktur und weite Teile des Textes dieser 8. Auflage (Ausgabe mit CD-ROM in dieser Nr.) sind jedoch unverändert geblieben, sodass ein Austausch der 7. Auflage (BA 2/09) aus inhaltlichen Gründen nicht notwendig ist. - Als Standardnachschlagewerk für Studium und Berufspraxis weiter empfohlen. (1 A) (LK/SH: Gülck)}
}


@article{Castelletto.2019,
 author = {Castelletto, Valeria and Barnes, Ruth H. and Karatzas, Kimon-Andreas and Edwards-Gayle, Charlotte J. C. and Greco, Francesca and Hamley, Ian W. and Seitsonen, Jani and Ruokolainen, Janne},
 year = {2019},
 title = {Restructuring of Lipid Membranes by an Arginine-Capped Peptide Bolaamphiphile},
 urldate = {2023-03-06},
 pages = {1302--1311},
 pagination = {page},
 volume = {35},
 journaltitle = {Langmuir : the ACS journal of surfaces and colloids},
 language = {eng},
 doi = {10.1021/acs.langmuir.8b01014},
 number = {5},
 abstract = {We study the self-assembly of arginine-capped bolaamphiphile peptide RA3R (A: alanine, R: arginine) together with its binding to model membranes and its cytotoxicity and antimicrobial activity. Anionic 2-oleoyl-1-palmitoyl- sn-glycero-3-phospho-rac-(1-glycerol) sodium salt/2-oleoyl-1-palmitoyl- sn-glycero-3-phosphoethanolamine (POPG/POPE) vesicles and zwitterionic 1,2-dioleoyl- sn-glycero-3-phosphocholine/2-oleoyl-1-palmitoyl- sn-glycero-3-phosphocholine (POPC/DOPC) vesicles are used as model membranes to mimic bacterial and mammalian cell membranes, respectively. We show that RA3R adopts a polyproline-II collagen-like conformation in water. Binding of RA3R to POPG/POPE vesicles induces a strong correlation between the lipid bilayers, driven by RA3R/POPG attractive electrostatic interaction together with a shift of the intramolecular POPE zwitterionic interaction toward an attractive electrostatic interaction with the RA3R. Populations of RA3R/POPG/POPE vesicles comprise different bilayer spacings, dA and dB, controlled by the conformation of the lipid chains corresponding to the Lβ (gel-like) and Lα (liquid-crystal) phases, respectively. Cryo-TEM images reveal the presence of vesicles with no internal structure, compartmentalized thin-wall vesicles, or multilayer vesicles with uncorrelated layers and compartmentalization depending on the RA3R/POPG/POPE composition. In contrast, the interaction of RA3R with multilamellar POPC/DOPC vesicles leads to the decorrelation of the lipid bilayers. RA3R was tolerated by skin fibroblast cells for a concentration up to 0.01 wt {\%}, while 0.25 wt {\%} RA3R proved to be an efficient antibacterial agent against Gram-positive bacteria L. monocytogenes. Our results highlight the ability of RA3R to distinguish between bacterial and mammalian cells and establish this peptide as a candidate to reduce the proliferation of L. monocytogenes bacteria.},
 file = {Castelletto, Barnes et al. 2019 - Restructuring of Lipid Membranes:Attachments/Castelletto, Barnes et al. 2019 - Restructuring of Lipid Membranes.pdf:application/pdf},
 note = {Journal Article
Research Support, Non-U.S. Gov't
Journal Article
Research Support, Non-U.S. Gov't},
 eprint = {30056711}
}





@article{Daykov.2003,
 author = {Daykov, I. P. and Arias, T. A. and Engeness, Torkel D.},
 year = {2003},
 title = {Robust ab initio calculation of condensed matter: transparent convergence through semicardinal multiresolution analysis},
 pages = {216402},
 pagination = {page},
 volume = {90},
 issn = {0031-9007},
 journaltitle = {Physical review letters},
 language = {eng},
 doi = {10.1103/PhysRevLett.90.216402},
 number = {21},
 abstract = {We present the first wavelet-based all-electron density-functional calculations to include gradient corrections and the first in a solid. Direct comparison shows this approach to be unique in providing systematic {\textquotedbl}transparent{\textquotedbl} convergence, convergence with a priori prediction of errors, to beyond chemical (millihartree) accuracy. The method is ideal both for exploration of materials under novel conditions where there is little experience with how traditional methods perform and for the development and use of chemically accurate density functionals, which demand access to such precision.},
 note = {Journal Article},
 eprint = {12786576}
}


@book{Demtroder.2016,
 author = {Demtröder, Wolfgang},
 year = {2016},
 title = {Atome, Moleküle und Festkörper},
 edition = {5., neu bearbeitete und aktualisierte Auflage},
 volume = {3},
 publisher = {{Springer Spektrum}},
 isbn = {978-3-662-49093-8},
 language = {ger},
 location = {Berlin and Heidelberg},
 series = {Springer-Lehrbuch},
 abstract = {},
 pagetotal = {586},
 doi = {10.1007/978-3-662-49094-5},
 note = {Demtröder, Wolfgang (VerfasserIn)}
}


@book{Demtroder.2017,
 author = {Demtröder, Wolfgang},
 year = {2017},
 title = {Kern-, Teilchen- und Astrophysik},
 edition = {5. Auflage},
 volume = {4},
 publisher = {{Springer Spektrum}},
 isbn = {978-3-662-52883-9},
 language = {ger},
 location = {Berlin and Heidelberg},
 series = {Springer-Lehrbuch},
 abstract = {},
 pagetotal = {493},
 doi = {10.1007/978-3-662-52884-6},
 note = {Demtröder, Wolfgang (VerfasserIn)}
}


@misc{Denk.15.02.2007,
 author = {Denk, Robert},
 year = {15.02.2007},
 title = {Funktionanalysis (Operatortheorie)},
 url = {https://www.mathematik.uni-konstanz.de/typo3temp/secure_downloads/89928/0/83b7f4327490f39d624491a387c660c7cdcf83c2/fa_ws0607.pdf},
 urldate = {2022-02-01},
 abstract = {},
 pagetotal = {59},
 location = {Konstanz},
 file = {fa_ws0607:Attachments/fa_ws0607.pdf:application/pdf},
 language = {de;},
 titleaddon = {Universität Konstanz; Fachbereich Mathematik und Statistik;}
}


@book{Dose.1990,
 author = {Dose, Maria},
 year = {1990},
 title = {Duden Fremdwörterbuch},
 edition = {5., neu bearbeitete und erweiterte Auflage},
 volume = {in 10 Bänden; das Standardwerk zur deutschen Sprache / herausgegeben vom Wissenschaftlichen Rat der Dudenredaktion: Günther Drosdowski ... ; Bd. 5},
 publisher = {Dudenverlag},
 isbn = {3-411-20915-1},
 language = {ger},
 series = {Der Duden},
 abstract = {Außergewöhnliche Reichhaltigkeit und Aktualität zeichnen das Duden- Fremdwörterbuch aus. Mit rund 50000 Stichwörtern ist es das grundlegende Nachschlagewerk über Fremdwörter und fremdsprachliche Fachausdrücke. Die sprachwissenschaftliche Erfahrung der Duden-Redaktion und das Wissen zahlreicher Fachgelehrter bürgen für zuverlässige Angaben zu Schreibung, Silbentrennung, Aussprache, Herkunft, Grammatik und Bedeutung. Mit dem Fremdwörterbuch von Duden gibt es keine Schwierigkeiten beim Verstehen und Gebrauch von Fremdwörtern.},
 organization = {{Bibliographisches Institut {\&} F. A. Brockhaus AG Mannheim}}
}


@book{Eichler.2016b,
 author = {Eichler, Hans-Joachim and Kronfeldt, Heinz-Detlef and Sahm, Jürgen},
 year = {2016},
 title = {Das neue Physikalische Grundpraktikum},
 edition = {3., ergänzte und aktualisierte Auflage 2016},
 publisher = {{Springer Spektrum}},
 isbn = {9783662490228},
 language = {ger},
 series = {Springer-Lehrbuch},
 abstract = {Grundbegriffe der Messtechnik ‐ Bewegungen und Kräfte ‐ Deformierbare Körper und Akustik ‐ Vielteilchensysteme und Thermodynamik ‐ Gleich- und Wechselstromkreise ‐ Elektrische und magnetische Felder ‐ Halbleiterelektronik ‐ Linsen und optische Instrumente ‐ Licht- und Mikrowellen ‐ Photonen, Elektronen und Atome ‐ Radioaktivität und Strahlenschutz ‐ Digitalelektronik und Computer

Das vorliegende Werk bietet in seiner vollständig überarbeiteten dritten Auflage auch weiterhin eine hervorragende Begleitung für Physik-Praktika im Bachelorstudium. In 12 Kapiteln mit insgesamt 52 Themenkreisen werden mehr als 200 Einzelaufgaben jeweils mit Zielsetzung, Literaturangaben, physikalischen Grundlagen, Gerätezubehör sowie Hinweisen zu Messung und Auswertung ausführlich beschrieben. Anschauliche Piktogramme führen durch das durchgehend zweifarbig gestaltete Buch, um die einzelnen Elemente voneinander abzuheben. Formeln, die zum Grundwissen gehören, und andere wichtige Formeln werden besonders hervorgehoben. Rundum ein innovatives Buch für alle Studierenden mit Haupt- oder Nebenfach Physik. Die Neuauflage des neuen Physikalischen Grundpraktikums enthält neue Experimente zu Mikrowellen, Polarisation, Flüssigkristallen, Röntgenstrahlung, Gamma-Spektroskopie u. a. Zudem wurden die Messverfahren weitgehend auf moderne digitale Messtechnik umgestellt. Die Autoren Hans Joachim Eichler Promotion 1967 und Habilitation 1969 an der TU Berlin; 1971-1978 Gründungssprecher des Fachbereiches Physik an der TU Berlin; seit 1972 ord. Professor für Experimentalphysik; 1980-1983 Forschungsaufenthalte an den AT {\&} T-Bell Laboratorien (Holmdel, USA); seit 1982 Vorsitzender der Arbeitsgemeinschaft Quanten-Optik der DPG und DGaO; 2003-2007 geschäftsführender Direktor des Optischen Instituts; 2003-2013 Geschäftsführer der Laser-Medizin-Technologie-Berlin GmbH. Heinz-Detlef Kronfeldt Geboren 1949 in Berlin; Promotion 1979 an der TU Berlin; Forschungsaufenthalt 1980 bei AEG-Telefunken; Habilitation 1989 an der TU Berlin und Privat-Dozent; nach 1989 Leiter der Arbeitsgruppe Laserspektroskopie am Optischen Institut der TU Berlin, Themenschwerpunkte Atomphysik und Umweltphysik. Jürgen Sahm Studium und Promotion an der TU Berlin; 1970-1980 Professor für Physik an der PH Berlin; seit 1980 Professor für Experimentalphysik an der TU Berlin; 1987-1993 Dekan des Fachbereichs Physik der TU Berlin; 1999-2002 Vizepräsident der TU Berlin für Lehre und Studium; seit 2004 emeritiert},
 doi = {10.1007/978-3-662-49023-5},
 note = {Eichler, Hans-Joachim (VerfasserIn)  Kronfeldt, Heinz-Detlef (VerfasserIn)  Sahm, Jürgen (VerfasserIn)  Eichler, Hans-Joachim (VerfasserIn)  Kronfeldt, Heinz-Detlef (VerfasserIn)  Sahm, Jürgen (VerfasserIn)}
}


@online{Eig_Wasser_21,
 author = {Unbekannt},
 year = {10.06.2021},
 title = {Eigenschaften{\_}des{\_}Wassers},
 url = {https://www.chemie.de/lexikon/Eigenschaften_des_Wassers.html},
 abstract = {Eigenschaften des Wassers Kalottenmodell des Wassermoleküls Allgemeines Name Wasser Andere Namen μ-Oxidodiwasserstoff, Diwasserstoffoxid, Oxidan Summenformel},
 organization = {{LUMITOS AG}},
 file = {Eigenschaften_des_Wassers:Attachments/Eigenschaften_des_Wassers.pdf:application/pdf}
}


@online{examioGmbH.06.01.2022,
 author = {{examio GmbH}},
 year = {06.01.2022},
 title = {Kombination von Reihenschaltung und Parallelschaltung},
 url = {https://www.ingenieurkurse.de/elektrotechnik/gleichstrom/gleichstromkreise/schaltung-von-widerstaenden/kombination-von-reihenschaltung-und-parallelschaltung.html},
 abstract = {Nicht selten treten auch Schaltungskombinationen aus Reihen- und Parallelschaltung in einem Gleichstromkreis auf.},
 language = {de;}
}


@book{ExP2.2017,
 author = {Demtröder, Wolfgang},
 year = {2017},
 title = {Experimentalphysik 2},
 edition = {7., korrigierte und erweiterte Auflage},
 publisher = {Springer},
 isbn = {978-3-662-55789-1},
 subtitle = {Elektrizität und Optik},
 language = {ger},
 location = {Berlin, Heidelberg},
 series = {Springer-Lehrbuch},
 abstract = {Elektrostatik -- Der elektrische Strom -- Statische Magnetfelder -- Zeitlich veränderliche Felder -- Elektrotechnische Anwendungen -- Elektromagnetische Schwingungen und die Entstehung elektromagnetischer Wellen -- Elektromagnetische Wellen im Vakuum -- Elektromagnetische Wellen in Materie -- Geometrische Optik -- Interferenz, Beugung und Streuung -- Optische Instrumente -- Neue Techniken in der Optik -- Lösungen der Übungsaufgaben -- Farbtafeln -- Literaturverzeichnis -- Sachwortverzeichnis



Der zweite Band der beliebten vierbändigen Lehrbuchreihe von Professor Demtröder deckt den kompletten Stoff zur Vorlesung „Elektrizität und Optik“ für das Bachelorstudium ab. Das Buch behandelt die Themen: Elektrostatik und -Dynamik Elektrischer Strom Statische und zeitlich veränderliche Magnetfelder Elektrotechnische Anwendungen Elektromagnetische Schwingungen und die Entstehung elektromagnetischer Wellen Elektromagnetische Wellen im Vakuum und Materie Geometrische Optik Wellenoptik: Interferenz, Beugung und Streuung Optische Instrumente und neue Techniken in der Optik Diese Lerninhalte des zweiten Semesters des Physikstudiums werden nach dem Konzept der Lehrbuchreihe verständlich, aber möglichst quantitativ präsentiert. Um dem Leser die Orientierung zu erleichtern, ist das Wesentliche hervorgehoben: wichtige Definitionen und Formeln sowie alle Abbildungen und Tabellen sind zweifarbig gestaltet. Studierende werden anhand durchgerechneter Beispiele, hilfreicher Kapitelzusammenfassungen sowie zahlreicher Übungsaufgaben mit ausführlichen Lösungen durch den Vorlesungsstoff geführt und dazu motiviert, durch eigene Mitarbeit ein fundiertes Verständnis zu entwickeln. In der vorliegenden Neuauflage sind Druckfehler korrigiert, manche Formulierungen optimiert und einige neue Entwicklungen der modernen Optik ergänzt. Der Autor Wolfgang Demtröder (* 5. September 1931) studierte an der Westfälischen Wilhelms-Universität in Münster und an den Universitäten Tübingen und Bonn die Fächer Physik, Mathematik und Musikwissenschaft. 1961 wurde er an der Universität Bonn von dem späteren Nobelpreisträger Wolfgang Paul promoviert. Nach einem Aufenthalt in den USA habilitierte er sich 1969 an der Universität Freiburg. 1970 erhielt er einen Ruf als ordentlicher Professor an die neugegründete Universität Kaiserslautern, an der die vier Bände umfassende Lehrbuchreihe Experimentalphysik und sein Standardwerk über Laserspektroskopie entstanden. 1994 erhielt Wolfgang Demtröder den Max-Born-Preis, der vom Institute of Physics (IOP) und der Deutschen Physikalischen Gesellschaft vergeben wird},
 pagetotal = {449},
 doi = {10.1007/978-3-662-55790-7},
 note = {Demtröder, Wolfgang (VerfasserIn)}
}



@book{Fischer.2014,
 author = {Fischer, Gerd},
 year = {2014},
 title = {Lineare Algebra},
 edition = {18., aktualisierte Aufl. 2014},
 publisher = {{Springer Spektrum}},
 isbn = {978-3-658-03945-5},
 subtitle = {Eine Einführung für Studienanfänger},
 language = {ger},
 location = {Wiesbaden},
 series = {Grundkurs Mathematik},
 abstract = {Das seit über 30 Jahren bewährte, einführende Lehrbuch eignet sich als Grundlage für eine zweisemestrige Vorlesung für Studierende der Mathematik, Physik und Informatik. Für einen schnellen und leichteren Einstieg ist das Buch ebenfalls zu verwenden, indem die markierten Abschnitte weggelassen werden. Zentrale Themen sind: Lineare Gleichungssysteme, Eigenwerte und Skalarprodukte. Besonderer Wert wird darauf gelegt, Begriffe zu motivieren, durch Beispiele und durch Bilder zu illustrieren und konkrete Rechenverfahren für die Praxis abzuleiten. Der Text enthält zahlreiche Übungsaufgaben. Lösungen dazu findet man in dem von H. Stoppel und B. Griese verfassten {\textquotedbl}Übungsbuch zur Linearen Algebra {\textquotedbl}. Zur Motivation der Studierenden enthält das Buch eine Einführung, in der die Bedeutung der Linearen Algebra als Grundlage innerhalb der Mathematik und ihren Anwendungen beschrieben wird. Der Inhalt Warum Lineare Algebra? - Lineare Gleichungssysteme - Grundbegriffe - Lineare Abbildungen - Determinanten - Eigenwerte - Euklidische und unitäre Vektorräume - Dualität und Tensorprodukte Die Zielgruppen Studienanfänger(innen) in den Fächern Mathematik, Physik und Informatik Der Autor Prof. Dr. Gerd Fischer lehrt am Zentrum Mathematik der TU München. Er ist Autor zahlreicher erfolgreicher Lehrbücher, ergänzend zum ~Klassiker „Lineare Algebra“ erschienen das „Lernbuch zur Linearen Algebra und Analytischen Geometrie“ ~und das „Lehrbuch der Algebra“},
 pagetotal = {384},
 doi = {10.1007/978-3-658-03945-5},
 note = {Fischer, Gerd (author.)}
}


@book{Fischer.2018,
 author = {Fischer, Helmut and Kaul, Helmut},
 year = {2018},
 title = {Mathematik für Physiker Band 1},
 edition = {8. Auflage},
 publisher = {{Springer Spektrum}},
 isbn = {978-3-662-56560-5},
 subtitle = {Analysis, Lineare Algebra, Vektoranalysis, Funktionentheorie},
 language = {ger},
 location = {Berlin, Heidelberg},
 abstract = {Grundlagen -- Vektorrechnung im Rn -- Analysis einer Veränderlichen -- Lineare Algebra -- Analysis mehrerer Variabler -- Vektoranalysis -- Einführung in die Funktionentheorie



Mit diesem Band werden die wichtigsten mathematischen Grundlagen für das Grundstudium der Physik in gut zugänglicher und ansprechender Form bereitgestellt. Der Aufbau orientiert sich an dem, was Physikstudierende möglichst früh benötigen, wie Vektorrechnung, Differential- und Integralrechnung und elementare Differentialgleichungen. Wo immer möglich, werden mathematische Begriffe durch physikalische Problemstellungen motiviert. Durch Begründung der meisten Ergebnisse sollen den Lesern und Leserinnen die mathematische Arbeitsweise und das für die mathematische Physik unerlässliche Problemverständnis vermittelt werden. In zahlreichen Anwendungen auf die Physik wird die Leistungsfähigkeit der hier vorgestellten mathematischen Methoden demonstriert. Der Inhalt Reelle Zahlen - Konvergenz von Folgen und Reihen - Elementare Funktionen - Mengen und Wahrscheinlichkeit - Vektorrechnung und komplexe Zahlen - Eindimensionale Differential- und Integralrechnung - Elementar integrierbare Differentialgleichungen - Lineare Algebra - Mehrdimensionale Differential- und Integralrechnung - Vektoranalysis - Funktionentheorie Die Zielgruppe Studierende und Absolventen der Physik und Mathematik an Universitäten Die Autoren Dr. Helmut Fischer, Universität Tübingen Prof. Dr. Helmut Kaul, Universität Tübingen},
 pagetotal = {575},
 doi = {10.1007/978-3-662-56561-2},
 note = {Fischer, Helmut (VerfasserIn)
Kaul, Helmut (VerfasserIn)}
}


@book{Fliebach.2022,
 author = {Fließbach, Torsten},
 year = {2022},
 title = {Lehrbuch zur theoretischen Physik},
 url = {http://www.springer.com/},
 edition = {7. Auflage},
 publisher = {{Springer Spektrum}},
 isbn = {978-3-662-64888-9},
 language = {ger},
 location = {Berlin and Heidelberg},
 series = {Lehrbuch},
 abstract = {},
 pagetotal = {375},
 doi = {10.1007/978-3-662-64889-6},
 note = {Fließbach, Torsten (VerfasserIn)},
 organization = {{Springer-Verlag GmbH}}
}


@online{Flrg.1,
 author = {Stölzer, Mathias},
 year = {07.03.2020},
 title = {Hinweise zur Fehlerrechnung},
 url = {http://www.physik.uni-halle.de/Lehre/Grundpraktikum/gpfehler.htm},
 keywords = {Fehlerrechnung;Uni Halle},
 abstract = {Kurzübersicht über mathematische Formeln zur Fehlerrechnung von Messdaten.},
 file = {Fehlerrechnung 20.10.2008:Attachments/Fehlerrechnung 20.10.2008.pdf:application/pdf}
}


@book{Forster.2012,
 author = {Forster, Otto},
 year = {2012},
 title = {Analysis 3},
 edition = {7., überarb. Aufl. 2012},
 publisher = {{Vieweg+Teubner Verlag}},
 isbn = {978-3-8348-2373-1},
 subtitle = {Maß- und Integrationstheorie, Integralsätze im reellen Raum und Anwendungen},
 language = {ger},
 series = {Aufbaukurs Mathematik},
 abstract = {Otto Forster},
 doi = {10.1007/978-3-8348-2374-8},
 file = {}
}


@book{Forster.2013,
 author = {Forster, Otto},
 year = {2013},
 title = {Analysis 2},
 url = {http://gbv.eblib.com/patron/FullRecord.aspx?p=1317214},
 edition = {10., verb. Aufl. 2013},
 publisher = {{Springer Fachmedien Wiesbaden}},
 isbn = {978-3-658-02356-0},
 subtitle = {Differentialrechnung im reellen Raum, gewöhnliche Differentialgleichungen},
 language = {ger},
 location = {Wiesbaden},
 series = {Grundkurs Mathematik},
 abstract = {Der vorliegende Band stellt den zweiten Teil eines Analysis-Kurses für Studierende der Mathematik und Physik im ersten Studienjahr dar und beschäftigt sich mit der mehrdimensionalen Differentialrechnung sowie mit gewöhnlichen Differentialgleichungen.Bei der Darstellung wurde angestrebt, allzu große Abstraktionen zu vermeiden und die Theorie durch viele konkrete Beispiele zu erläutern, insbesondere solche, die für die Physik relevant sind. Das Buch enthält zahlreiche Übungsaufgaben.~ Die Neuauflage~wurde durch~einige neue Abbildungen mit~erläuterndem Text ergänzt. Das zugehörige Übungsbuch mit},
 pagetotal = {229},
 doi = {10.1007/978-3-658-02357-7},
 file = {Analysis 2:Attachments/Analysis 2.pdf:application/pdf}
}


@book{Forster.2013b,
 author = {Forster, Otto and Szymczak, Thomas},
 year = {2013},
 title = {Übungsbuch zur Analysis},
 url = {https://link.springer.com/content/pdf/10.1007%2F978-3-658-00513-9.pdf},
 urldate = {2020-05-16},
 edition = {8., aktualisierte Auflage},
 publisher = {{Springer Spektrum}},
 isbn = {9783658005139},
 subtitle = {Aufgaben und Lösungen},
 language = {ger},
 location = {Wiesbaden},
 series = {Lehrbuch},
 abstract = {},
 pagetotal = {151},
 note = {Forster, Otto (VerfasserIn)
Szymczak, Thomas (VerfasserIn)},
 file = {Forster, Szymczak 2013 - Übungsbuch zur Analysis:Attachments/Forster, Szymczak 2013 - Übungsbuch zur Analysis.pdf:application/pdf}
}


@book{Forster.2016,
 author = {Forster, Otto},
 year = {2016},
 title = {Analysis 1},
 edition = {12., verbesserte Auflage},
 publisher = {{Springer Spektrum}},
 isbn = {978-3-658-11544-9},
 subtitle = {Differential- und Integralrechnung einer Veränderlichen},
 language = {ger},
 location = {Wiesbaden},
 series = {Grundkurs Mathematik},
 abstract = {Dieses seit vier Jahrzehnten bewährte Standardwerk ist gedacht als Begleittext zur Analysis-Vorlesung des ersten Semesters für Mathematiker, Physiker und Informatiker. Bei der Darstellung wurde besonderer Wert darauf gelegt, in systematischer Weise, aber ohne zu große Abstraktionen zu den wesentlichen Inhalten vorzudringen und sie mit vielen konkreten Beispielen zu illustrieren. An verschiedenen Stellen wurden Bezüge zur Informatik hergestellt. Einige numerische Beispiele wurden durch Programm-Codes ergänzt, so dass die Rechnungen direkt am Computer nachvollzogen werden können. Die vorliegende 12. Auflage wurde in mehreren Details verbessert und enthält einige zusätzliche Aufgaben und Beispiele. Der Inhalt Vollständige Induktion - Grenzwerte von Folgen und Reihen - Stetige Funktionen - Die Elementaren Funktionen - Differentialrechnung - Das Riemannsche Integral - Taylor- und Fourier-Reihen Die Zielgruppen Studierende der Mathematik, Physik, Informatik an Universitäten ab dem 1. Semester Der Autor Prof. Dr. Otto Forster, Mathematisches Institut der Ludwig-Maximilians-Universität München},
 pagetotal = {338},
 doi = {10.1007/978-3-658-11545-6},
 note = {Forster, Otto (VerfasserIn)}
}


@book{Frost.2018,
 author = {Frost, Irasianty},
 year = {2018},
 title = {Einfache lineare Regression},
 keywords = {lineare Regression;Regression},
 publisher = {{Springer VS}},
 isbn = {978-3-658-19732-2},
 subtitle = {Die Grundlage für komplexe Regressionsmodelle verstehen},
 language = {ger},
 series = {essentials},
 abstract = {Dieses essential befasst sich mit der einfachen linearen Regression, der simpelsten Form von Regressionsmodellen, in der für die Modellbildung nur eine einzige Einflussvariable berücksichtigt wird. Leser finden in diesem Buch die Methode der kleinsten Quadrate zur Schätzung der Modellparameter, Residualanalysen zur Überprüfung der Modellannahmen sowie weitere statistische Verfahren zur Beurteilung des Modells. Zudem erfahren sie, wie das Modell als ein Prognoseinstrument eingesetzt werden kann. Somit erwerben Leser eine solide Grundlage zum Verständnis komplexer Regressionsansätze, bei denen mehrere Variablen die Zielgröße beeinflussen und nichtlineare Zusammenhänge vorliegen.~ Der Inhalt Definition des einfachen Regressionsmodells Überprüfung der Modellvoraussetzungen Beurteilung des Modells durch den Korrelations- und den Determinationskoeffizienten~ Regressionsgerade als ein Instrument für eine Prognose Umkehrregression ~ Die Zielgruppen Studierende und Dozierende der Sozial- und Wirtschaftswissenschaften sowie Psychologie und Medizin Praktiker, die ihr Forschungsinstrument und ihre Studienergebnisse verstehen wollen Die Autorin Dipl.-Statistikerin Irasianty Frost ist als Dozentin für Statistik an der Hochschule Fresenius in München tätig},
 doi = {10.1007/978-3-658-19732-2},
 note = {Frost, Ira (VerfasserIn)}
}


@online{Geldschlager.2022,
 author = {Geldschläger, Jonas},
 editor = {Geldschläger, Jonas},
 year = {01.04.2022},
 title = {Reflektion / Reflexion | Rechtschreibung},
 url = {https://wortwuchs.net/schreibweise/reflektion-reflexion/},
 abstract = {Heißt es Reflektion oder Reflexion im Deutschen? Da das Wort zu den schwierigen Wörtern in Bezug auf die Rechtschreibung gehört, erklären wir die Schreiwbeise.},
 note = {14:37 Uhr},
 language = {de;}
}


@book{Gerthsen.2015,
 author = {Meschede, Dieter},
 year = {2015},
 title = {Gerthsen Physik},
 keywords = {Atomphysik;Dynamik;Elektrodynamik;Elektromagnetismus;Festkörperphysik;Kerne und Elementarteilchen;Laserphysik;Mechanik;Optik;relativistische Physik;Statistische Physik;Strahlungsfelder;Wärme},
 edition = {25. Aufl.},
 publisher = {{Springer Spektrum}},
 isbn = {978-3-662-45977-5},
 language = {ger},
 location = {Berlin},
 series = {Springer-Lehrbuch},
 abstract = {Auf mehr als 1000 Seiten findet man von der Kinematik des Massenpunktes über die Quantenchromodynamik, die Fullerene, die Halbleiterlaser, die Hochtemperatur-Supraleiter bis hin zum Chaos im Kochtopf praktisch alles, was Physik heute ausmacht. .. In diesem sehr weit gespannten Bogen nimmt der Gerthsen den Platz eines echten, ja eigentlich des einzigen Kompendiums der Physik ein. Kein Physiker kommt heute noch ohne dieses Werk aus. (Physikalische Blätter) Für die Studierenden der Physik im Haupt- und Nebenfach ist der Gerthsen ein unverzichtbarer und kompetenter Begleiter durch das gesamte Studium, das jetzt in der Neuauflage noch preisgünstiger zu erwerben ist. Nahezu alle Studierenden beginnen mit dem Klassiker Gerthsen. Sämtliche Gebiete der Physik werden ausführlich und gut verständlich dargestellt. Das Buch stellt alle klassischen Themen vor - Mechanik, Wärmelehre, Elektrodynamik, Optik. Darauf aufbauende Themen der klassischen Physik wie die Nichtlineare Dynamik und die Relativitätstheorie sind in logischer Reihenfolge integriert. Nach einem Kapitel über Teilchen und Wellen zur Einführung in die mikroskopische Physik werden die Konsequenzen für Atome, Moleküle, Laser, feste Körper und subatomare Teilchen vorgestellt. Über 1000 durchgerechnete Übungen und Beispiele vertiefen den Stoff und erweitern das Wissenspektrum. Der Gerthsen ist ein sehr dynamisches Lehrbuch und reflektiert die Weiterentwicklung der Physik durch einbeziehen modernster Themen der Physik und durch eine ständig aktualisierte Homepage www.gerthsen.de, auf der zahlreiches ergänzendes Material und zu allen wichtigen Themen interaktive Animationen und Experimente zu finden sind. Die neue Auflage wurde komplett neu bearbeitet, neu gestaltete Kapitel zur Mechanik geben eine moderne Einführung in diese zentralen Themengebiete. Das neue Layout und die neue Gliederung der Kapitel und Aufgaben schaffen eine gute Übersicht und unterstützen die schnelle Einarbeitung. Alle über das Bachelor-Studium hinausführenden Abschnitte sind jetzt besonders gekennzeichnet. Dieter~Meschede lehrt an der Universität Bonn, wo er den Master-Studiengang Bonn International Physics Programm ins Leben gerufen hat. Sein Forschungsgebiet ist die Laserphysik, insbesondere die Atomoptik und Lichtkraftlithographie, Einzelne Atome und Optische Gitter sowie die Präzisions-Laserspektroskopie. Er ist auch Koordinator des Programms Nanostructure Fabrication by Control},
 pagetotal = {1052},
 doi = {10.1007/978-3-662-45977-5}
}



@book{Grabe.2011b,
 author = {Grabe, Michael},
 year = {2011},
 title = {Grundriss der Generalisierten Gauß’schen Fehlerrechnung},
 url = {http://lib.myilibrary.com/detail.asp?id=336684},
 keywords = {Gauß’sche Fehlerrechnung},
 publisher = {{Springer Berlin Heidelberg}},
 isbn = {978-3-642-17821-4},
 language = {ger},
 abstract = {Die Generalisierte Gaußsche Fehlerrechnung interpretiert systematische Fehler bei Messungen als Unterschiede zwischen den Erwartungswerten der Schätzer und den wahren Werten der Messgrößen. Auch hinsichtlich der Verarbeitung zufälliger Fehler weicht der Autor von der Konvention ab, indem er den Formalismus auf die Verteilungsdichte der empirischen Momente zweiter Ordnung stützt. Die Messunsicherheiten der Generalisierten Gaußschen Fehlerrechnung zeigen robuste Strukturen, die die wahren Werte physikalischer Größen quasisicher lokalisieren}
}


@online{Grimm.13.07.2021b,
 author = {Grimm, Rudolf},
 year = {2021-07-13},
 title = {Einführung in die Analyse von Messdaten},
 url = {https://www.youtube.com/playlist?list=PL5eolwFmTdvjOhlgjxQ-RP9ouzvJb3XFh},
 abstract = {},
 organization = {{Innsbrucker Universität}}
}


@book{GTheoP1.2018,
 author = {Nolting, Wolfgang},
 year = {2018},
 title = {Grundkurs Theoretische Physik 1},
 keywords = {Determinante;Differentialrechnung;Dynamik;Erhaltungssätze;Felder;Integralrechnung;Kinematik;Koordinatensysteme;Kreiseltheorie;Matrizen;Planetenbewegungen;Rotation um die eigene Achse;starrer Körper;Trägheitstensor;Vektor;vektorwertgige Funktionen},
 edition = {11. Aufl. 2018},
 publisher = {{Springer Berlin Heidelberg}},
 isbn = {978-3-662-57584-0},
 subtitle = {Klassische Mechanik und mathematische Vorbereitungen},
 language = {ger},
 location = {Berlin, Heidelberg},
 abstract = {Die beliebte Lehrbuchreihe zur Theoretischen Physik deckt in sieben Bänden alle für den Bachelor-/Masterstudiengang maßgeblichen Gebiete ab. Jeder Band vermittelt gut durchdacht das im jeweiligen Semester nötige theoretische-physikalische Rüstzeug. Zahlreiche Übungsaufgaben mit ausführlichen Lösungen dienen der Vertiefung des Stoffes. Der erste Band behandelt die klassische Mechanik, wie sie im ersten Studiensemester vermittelt werden kann. Es wird lediglich die übliche Schulmathematik vorausgesetzt. Weitergehende mathematische Hilfsmittel werden zu Beginn eingeführt und ausführlich erläutert. Die vorliegende 11. Auflage wurde dazu genutzt, eine Vielzahl von Korrekturen auszuführen und so das Verständnis zu verbessern. Die bekannte übersichtliche Darstellung ermöglicht einen schnellen Zugriff auf den Lehrstoff. {\textquotedbl}Nolting, der zumindest unter didaktischen Gesichtspunkten als eine Art {\textquotedbl}deutscher Feynman{\textquotedbl} gelten darf, versteht es hier, die Studierenden bei der Hand zu nehmen, um sie für die auch für sie vergleichsweise neue Welt der Physik zu begeistern - und sie so selbstständig in ihre eigenen Studien und Gedanken zu entlassen.{\textquotedbl} (buchkatalog.de) Nun dürfte auch wirklich jeder Studienanfänger die Grundlagen der klassischen Mechanik verstehen. (Reinhold Kampmann, in: Buchkatalog www.Buchkatalog.de, June/2011) Der Autor Wolfgang Nolting (* 13. März 1944) arbeitet auf dem Gebiet der Festkörpertheorie an der Humboldt-Universität zu Berlin. Er studierte Physik an der Universität Münster, wo er 1972 promoviert wurde. Es folgte ein Forschungsaufenthalt an der ETH Zürich und 1978 die Habilitation in Münster. Nach Professuren in Würzburg, Münster und an der Universidad de Valladolid in Spanien ist er seit 1994 Professor der Humboldt-Universität. Bekannt geworden ist Wolfgang Nolting unter anderem durch seine Lehrbuchreihe Grundkurs Theoretische Physik, welche mittlerweile den Rang eines Standardwerkes in der Physikerausbildung erlangt hat},
 pagetotal = {541},
 doi = {10.1007/978-3-662-57584-0},
 note = {Nolting, Wolfgang (VerfasserIn)}
}

@article{Haneef.2017,
 author = {Haneef, Muhammad and Ceseracciu, Luca and Canale, Claudio and Bayer, Ilker S. and Heredia-Guerrero, Jose A. and Athanassiou, Athanassia},
 year = {2017},
 title = {Advanced Materials From Fungal Mycelium: Fabrication and Tuning of Physical Properties},
 url = {https://www.nature.com/articles/srep41292},
 urldate = {2023-03-05},
 volume = {7},
 journaltitle = {Nature, Scientific reports},
 language = {eng},
 doi = {10.1038/srep41292},
 abstract = {In this work is presented a new category of self-growing, fibrous, natural composite materials with controlled physical properties that can be produced in large quantities and over wide areas, based on mycelium, the main body of fungi. Mycelia from two types of edible, medicinal fungi, Ganoderma lucidum and Pleurotus ostreatus, have been carefully cultivated, being fed by two bio-substrates: cellulose and cellulose/potato-dextrose, the second being easier to digest by mycelium due to presence of simple sugars in its composition. After specific growing times the mycelia have been processed in order to cease their growth. Depending on their feeding substrate, the final fibrous structures showed different relative concentrations in polysaccharides, lipids, proteins and chitin. Such differences are reflected as alterations in morphology and mechanical properties. The materials grown on cellulose contained more chitin and showed higher Young's modulus and lower elongation than those grown on dextrose-containing substrates, indicating that the mycelium materials get stiffer when their feeding substrate is harder to digest. All the developed fibrous materials were hydrophobic with water contact angles higher than 120°. The possibility of tailoring mycelium materials' properties by properly choosing their nutrient substrates paves the way for their use in various scale applications.},
 file = {Haneef, Ceseracciu et al. 2017 - Advanced Materials From Fungal Mycelium:Attachments/Haneef, Ceseracciu et al. 2017 - Advanced Materials From Fungal Mycelium.pdf:application/pdf},
 note = {Journal Article},
 eprint = {28117421}
}



@book{Heintze.2016,
 author = {Heintze, Joachim},
 year = {2016},
 title = {Lehrbuch zur Experimentalphysik},
 edition = {1. Auflage},
 publisher = {{Springer Spektrum}},
 isbn = {978-3-662-48450-0},
 series = {Lehrbuch},
 pagetotal = {373},
 doi = {10.1007/978-3-662-48451-7},
 language = {ger},
 subtitle = {Band 3: Elektrizität und Magnetismus},
 location = {Berlin and Heidelberg},
 abstract = {Teil I: Elektrizität und Magnetismus -- 1 Elektrische Kräfte und elektrische Felder -- 2 Elektrische Felder im Vakuum bei vorgegebener Ladungsverteilung -- 3 Leiter im elektrischen Feld -- 4 Isolatoren im elektrischen Feld -- 5 Energie und Kräfte im elektrischen Feld -- 6 Der elektrische Strom: Die Grundlagen -- 7 Elektrolyte -- 8 Elektrizitätsleitung im Vakuum und in Gasen -- 9 Metalle -- 10 Halbleiter und Isolatoren -- 11 Magnetische Kräfte und magnetische Felder -- 12 Lorentz-Transformation der Feldgrößen und das elektromagnetische Feld -- Berechnung und Anwendung stationärer Magnetfelder -- 14 Materie im Magnetfeld -- 15 Zeitlich veränderliche Felder -- 16 Schaltvorgänge und elektromagnetische Feldenergie -- 17 Wechselstrom -- 18 Wechselstromtechnik -- Teil II: Anhang -- Lösungen der Aufgaben -- Zahlenwerte einiger Naturkonstanten -- Abbildungsnachweise



Dieses Buch zur Experimentalphysik ist der dritte Band der lange erwarteten Ausarbeitung der überaus beliebten Vorlesungen von Joachim Heintze. Dieser Band beschäftigt sich mit den Grundlagen zur Elektrizität und Magnetismus, wie sie an der Universität in den Experimentalphysikkursen im Bachelor-Studiengang gelehrt werden. Die Liebe des Autors für die Physik und für spannende und historische Experimente ist in das Buch eingegangen und in allen Kapiteln unvermindert zu spüren. Hier finden Sie alle für das Bachelor- und das Nebenfachstudium der Physik relevanten Themen in anschaulicher und besonders gut verständlicher Form mit vielen Abbildungen präsentiert. Übungsaufgaben mit ausführlichen Lösungen erleichtern die Prüfungsvorbereitung. Ob Physik Ihr Hauptfach sein mag oder ein Begleitfach − in jedem Fall werden Sie von den klaren Erläuterungen und den eingängigen Darstellungen profitieren und vieles mitnehmen, das Sie auf Ihrem weiteren Weg begleiten wird. {\textquotedbl}Möge dieses Buch dazu dienen, allen Studenten die Schönheit der Physik aufzuzeigen, Zusammenhänge zu sehen, das Studium zu erleichtern und damit dieses Vermächtnis zu erkennen und weiter zu tragen.{\textquotedbl} Hans-Georg Siebig Zum Inhalt Elektrische Kräfte und elektrische Felder - Energie und Kräfte im elektrischen Feld - Der elektrische Strom - Elektrizitätsleitung - Metalle, Halbleiter und Isolatoren - Magnetische Kräfte und magnetische Felder - Das elektromagnetische Feld - Berechnung und Anwendung stationärer Magnetfelder - Materie im Magnetfeld - Zeitlich veränderliche Felder - Wechselstrom Der Autor Joachim Heintze~(1926-2012) studierte nach dem Ende des zweiten Weltkrieges in Berlin und Göttingen Physik und wurde in Göttingen Schüler von Otto Haxel, dem er nach Heidelberg folgte, wo er seine Promotion abschloss und sich auch habilitierte. Anschließend arbeitete er mehrere Jahre am CERN in Genf. Von 1963 an bis zu seiner Emeritierung 1991 war er Ordinarius für Physik am I. Physikalischen Institut der Universität Heidelberg; er wirkte zeitweilig auch als Dekan. Als Forscher ist sein Name untrennbar mit der Entwicklung von Spurendetektoren für hochenergetische geladene Teilchen verbunden. Durch seine Arbeiten über schwache Wechselwirkung und Elektron-Positron-Vernichtung hat er die Teilchenphysik über viele Jahre hinweg wesentlich mitgeprägt. Für seine Arbeiten über seltene Pionen-Zerfälle erhielt er 1963 den Physikpreis der DPG; 1992 wurde ihm der Max Born-Preis verli ...},
 note = {Heintze, Joachim (VerfasserIn)
Bock, Peter (HerausgeberIn)},
 editor = {Bock, Peter}
}


@collection{Hering.2021,
 year = {2021},
 title = {Elektronik für Ingenieure und Naturwissenschaftler},
 url = {http://www.springer.com/},
 edition = {8. Auflage},
 publisher = {{Springer Vieweg}},
 isbn = {978-3-662-62697-9},
 editor = {Hering, Ekbert and Endres, Julian and Gutekunst, Jürgen},
 abstract = {},
 note = {Hering, Ekbert (HerausgeberIn)  Endres, Julian (HerausgeberIn)  Gutekunst, Jürgen (HerausgeberIn)  Bressler, Klaus (MitwirkendeR)},
 language = {ger}
}


@book{Herrmann.2020,
 author = {Herrmann, Horst and Krings, Wolfgang},
 year = {2020},
 title = {Kleine Baustatik},
 edition = {19., berichtigte und korrigierte Auflage},
 publisher = {{Springer Vieweg}},
 isbn = {978-3-658-30218-4},
 subtitle = {Grundlagen der Statik und Berechnung von Bauteilen},
 location = {Wiesbaden Germany},
 abstract = {},
 pagetotal = {243}
}


@book{Hertel.2009,
 author = {Hertel, Peter},
 year = {2009},
 title = {Mathematikbuch zur Physik},
 url = {http://swbplus.bsz-bw.de/bsz301429227cov.htm},
 publisher = {Springer},
 isbn = {978-3-540-89043-0},
 language = {ger},
 series = {Springer-Lehrbuch},
 abstract = {Nach dem Buch: {\textquotedbl}Theoretische Physik{\textquotedbl} des Verfassers (ID 3/07), erscheint nun das Mathematikbuch zur Physik. Es enthält alle mathematischen Kenntnisse, die zum Studium der Physik oder verwandter Naturwissenschaften gebraucht werden (bis zum Masterstudium). Auf 29 Seiten wird die Schulmathematik zusammengefasst, danach folgen gewöhnliche Differenzialgleichungen, Felder, partielle Differenzialgleichungen, lineare Operatoren. Das Programmpaket Matlab, das auf Anforderungen der Naturwissenschaften und Technik zugeschnitten ist, wird auf 26 Seiten erläutert. 30 Seiten Glossar beenden den Band. An Hochschulstandorten, neben dem Physikbuch sollte das Buch angeschafft werden. Auf das Physikbuch wird nur im Vorwort hingewiesen, das Mathematikbuch ist völlig unabhändig. Eventuell für Schüler der Sekundarstufe II in Leistungskursen der Physik oder Mathematik. (3)},
 file = {}
}


@book{Heuser.2003,
 author = {Heuser, Harro},
 year = {2003},
 title = {Lehrbuch der Analysis},
 keywords = {Differenzierbare Funktionen;Funktionen;Grenzwerte;Integration;Konvergenz;Mengen;Reihen;Riemann-Stieltjessche Integrale;Stetigkeit;Tayolorsche Satz;Uneigentliche Integrale;Zahlen},
 edition = {15., durchgesehene Auflage},
 publisher = {{Vieweg+Teubner Verlag}},
 isbn = {978-3-322-96828-9},
 subtitle = {Teil 1},
 language = {ger},
 location = {Wiesbaden},
 series = {Mathematische Leitfäden},
 abstract = {Die Welt ist eine Welt ständiger Veränderungen. Der Gegenstand dieses Buches ist das mathematische Studium solcher Veränderungen. der Schlüssel hierfür ist die Untersuchung der Änderungen einer Funktion {\textquotedbl}im Kleinen{\textquotedbl} und daran anschließend Zusammensetzung ({\textquotedbl}Wiederherstellung{\textquotedbl}) der Funktion aus diesen {\textquotedbl}lokalen Änderungen{\textquotedbl}. das entscheidende Hilfsmittel hierfür ist der Begriff des Grenzwertes, um den die Mathematik länger als zweitausend Jahre gerungen hat. Das Buch, entstanden aus Vorlesungen an den Universitäten Mainz und Karlsruhe, ist von der Kritik sehr wohlwollend aufgenommen worden. Eine Stimme von vielen: {\textquotedbl}Es gibt wenig Lehrbücher, die den Studenten und Lehrern ähnlich Freude beim Durcharbeiten bereiten wie dieses höchst empfehlenswerte und in meinen Augen bereits klassische Werk.{\textquotedbl} (Monatshefte für Mathematik, Vol. 109,2)},
 doi = {10.1007/978-3-322-96828-9}
}


@book{Janich.1983,
 author = {Jänich, Klaus},
 year = {1983},
 title = {Analysis für Physiker und Ingenieure},
 url = {http://swbplus.bsz-bw.de/bsz008847282cov.htm},
 publisher = {Springer},
 isbn = {978-3-540-12064-3},
 subtitle = {Funktionentheorie, Differentialgleichungen, spezielle Funktionen ; ein Lehrbuch für das 2. Studienjahr},
 language = {ger},
 abstract = {},
 file = {}
}


@book{Jensen.2010,
 author = {Jensen, Jan H.},
 year = {2010},
 title = {Molecular modeling basics},
 url = {http://site.ebrary.com/lib/alltitles/Doc?id=10387116},
 edition = {Online-Ausg},
 publisher = {{Taylor {\&} Francis}},
 isbn = {978-1-4200-7527-4},
 language = {eng},
 location = {Boca Raton},
 abstract = {}
}


@online{JoachimHerzStiftung.23.06.2020,
 author = {{Joachim Herz Stiftung}},
 year = {23.06.2020},
 title = {Energie des magnetischen Feldes | LEIFIphysik},
 url = {https://www.leifiphysik.de/elektrizitaetslehre/elektromagnetische-induktion/grundwissen/energie-des-magnetischen-feldes},
 urldate = {2020-06-23},
 abstract = {}
}


@article{Kalkum.2012,
 author = {Kalkum, Markus and Vega, Karina},
 year = {2012},
 title = {Chitin, Chitinase Responses, and Invasive Fungal Infections},
 url = {https://www.hindawi.com/journals/ijmicro/2012/920459/},
 urldate = {2023-03-05},
 volume = {2012},
 language = {en},
 doi = {10.1155/2012/920459},
 userb = {16.20 Uhr},
 userc = {05.03.2023},
 abstract = {},
 pagetotal = {10},
 origdate = {September 2012}
}


@book{Kerner.2013,
 author = {Kerner, Hans and von Wahl, Wolf},
 year = {2013},
 title = {Mathematik für Physiker},
 url = {http://swbplus.bsz-bw.de/bsz386965242cov.htm},
 edition = {3., überarb. Aufl.},
 publisher = {{Springer Spektrum}},
 isbn = {978-3-642-37653-5},
 language = {ger},
 series = {Springer-Lehrbuch},
 abstract = {},
 doi = {10.1007/978-3-642-37654-2},
 file = {}
}


@collection{Kersten.2019,
 year = {2019},
 title = {Physik für Studierende der Naturwissenschaften und Technik},
 url = {http://swbplus.bsz-bw.de/bsz1041902751cov.htm},
 edition = {8., korrigierte und erweiterte Auflage},
 publisher = {{Springer Spektrum}},
 isbn = {978-3-662-58280-0},
 series = {Lehrbuch},
 editor = {Kersten, Peter and Wagner, Jennifer and Tipler, Paul Allen and Mosca, Gene},
 abstract = {Der Tipler/Mosca, Standardlehrbuch für Physik für Studierende der Naturwissenschaften und Technik, ist seit der 7. Auflage an die Vorgaben des Bachelorstudiums in Deutschland angepasst. Die vorliegende 8. Auflage erhielt neben den üblichen Fehlerkorrekturen zusätzlich eine anwendungsbezogene, an konkreten Aufgabenstellungen und Beispielen ausgerichtete Einführung in das Mathematikprogramm MATLAB. Der Austausch der 7. Auflage ist nicht notwendig, ältere Ausgaben sollten aber gelöscht werden. Als Erstanschaffung empfohlen nach dem direkten Konkurrenten aus dem Verlag Pearson Studium von D.C. Giancoli und neben D. Halliday, die alle das gleiche Zielpublikum ansprechen},
 note = {Tipler, Paul Allen (VerfasserIn)  Mosca, Gene (VerfasserIn)  Kersten, Peter (HerausgeberIn)  Wagner, Jennifer (HerausgeberIn)},
 language = {ger}
}


@article{Kim.2020,
 author = {Kim, Mihee and Heinrich, Frank and Haugstad, Greg and Yu, Guichuan and Yuan, Guangcui and Satija, Sushil K. and Zhang, Wenjia and Seo, Hannah S. and Metzger, Joseph M. and Azarin, Samira M. and Lodge, Timothy P. and Hackel, Benjamin J. and Bates, Frank S.},
 year = {2020},
 title = {Spatial Distribution of PEO-PPO-PEO Block Copolymer and PEO Homopolymer in Lipid Bilayers},
 urldate = {2023-03-06},
 pages = {3393--3403},
 pagination = {page},
 volume = {36},
 journaltitle = {Langmuir : the ACS journal of surfaces and colloids},
 language = {eng},
 doi = {10.1021/acs.langmuir.9b03208},
 number = {13},
 abstract = {Maintaining the integrity of cell membranes is indispensable for cellular viability. Poloxamer 188 (P188), a poly(ethylene oxide)-b-poly(propylene oxide)-b-poly(ethylene oxide) (PEO-PPO-PEO) triblock copolymer with a number-average molecular weight of 8700 g/mol and containing 80{\%} by mass PEO, protects cell membranes from various external injuries and has the potential to be used as a therapeutic agent in diverse applications. The membrane protection mechanism associated with P188 is intimately connected with how this block copolymer interacts with the lipid bilayer, the main component of a cell membrane. Here, we report the distribution of P188 in a model lipid bilayer comprising 1-palmitoyl-2-oleoyl-glycero-3-phosphocholine (POPC) using neutron reflectivity (NR) and atomic force microscopy (AFM). We also investigated the association of a PEO homopolymer (PEO8.4K; Mn = 8400 g/mol) that does not protect living cell membranes. These experiments were conducted following incubation of a 4.5 mmol/L polymer solution in a buffer that mimics physiological conditions with supported POPC bilayer membranes followed by washing with the aqueous medium. In contrast to previous reports, which dealt with P188 and PEO in salt-free solutions, both P188 and PEO8.4K penetrate into the inner portion of the lipid bilayer as revealed by NR, with approximately 30{\%} by volume occupancy across the membrane without loss of bilayer structural integrity. These results indicate that PEO is the chemical moiety that principally drives P188 binding to bilayer membranes. No defects or phase-separated domains were observed in either P188- or PEO8.4K-incubated lipid bilayers when examined by AFM, indicating that polymer chains mingle homogeneously with lipid molecules in the bilayer. Remarkably, the breakthrough force required for penetration of the AFM tip through the bilayer membrane is unaffected by the presence of the large amount of P188 and PEO8.4K.},
 pagetotal = {11},
 file = {Kim, Heinrich et al. 2020 - Spatial Distribution of PEO-PPO-PEO Block:Attachments/Kim, Heinrich et al. 2020 - Spatial Distribution of PEO-PPO-PEO Block.pdf:application/pdf},
 note = {Journal Article
Research Support, N.I.H., Extramural
Research Support, U.S. Gov't, Non-P.H.S.
Journal Article
Research Support, N.I.H., Extramural
Research Support, U.S. Gov't, Non-P.H.S.},
 eprint = {32216370}
}


@article{Klein.2013,
 author = {Priv.-Doz. Dr. Klein, D.},
 year = {2013},
 title = {Mathematik für Physiker},
 url = {https://www.math.uni-kiel.de/geometrie/klein/physs13/mi2606.pdf},
 urldate = {2022-01-25},
 pages = {(20-)1-26},
 pagination = {page},
 subtitle = {§8 Beschränkte Operatoren auf Hilberträumen},
 abstract = {},
 pagetotal = {26},
 file = {mi2606:Attachments/mi2606.pdf:application/pdf}
}


@misc{Kluge.03.12.2015,
 author = {Kluge, Julien},
 year = {19.12.2021},
 title = {E3 Transformatoren},
 url = {http://people.physik.hu-berlin.de/ julien/praktika/gp2/E3%20Transformatoren.pdf},
 abstract = {},
 subtitle = {Grundpraktikum},
 organization = {{Mathematische-Naturwissenschaftliche Fakultät and Physik Institut}},
 file = {E3 Transformatoren:Attachments/E3 Transformatoren.pdf:application/pdf},
 language = {de;}
}


@book{Kofler.2019,
 author = {Kofler, Michael},
 year = {2019},
 title = {Python},
 edition = {1. Auflage},
 publisher = {{Rheinwerk Verlag}},
 isbn = {9783836266796},
 subtitle = {Der Grundkurs},
 language = {ger},
 location = {Bonn},
 series = {Rheinwerk Computing},
 abstract = {Eine Einführung in Python.},
 pagetotal = {464},
 note = {Kofler, Michael (VerfasserIn)},
 organization = {{Galileo Press}}
}


@collection{Kremer.2014,
 year = {2014},
 title = {Physikalisches Praktikum},
 edition = {14., überarb. u. erw. Aufl. 2014},
 publisher = {{Springer Spektrum}},
 isbn = {978-3-658-00665-5},
 editor = {Kremer, Friedrich and Schenk, Wolfgang and Beddies, Gunter},
 abstract = {Dieses erfolgreiche Praktikumsbuch bewährt sich seit vielen Jahren bei Studierenden der Physik sowie anderer naturwissenschaftlicher Studiengänge und des Lehramts, die ein physikalisches Grundpraktikum absolvieren. Vielfach genutzt wird es auch von Studierenden der Ingenieurwissenschaften an Technischen Universitäten und Fachhochschulen. Der Inhalt - Mechanik - Wärmelehre - Elektrizitätslehre - Optik und Atomphysik - Fourier-Transformation und Signalanalyse Die Zielgruppe Studierende der Natur- und Ingenieurwissenschaften im Grundstudium an Universitäten und Fachhochschulen Lehramtstudierende naturwissenschaftlicher Fächer Die Herausgeber Dr. Wolfgang Schenk, Universität Leipzig Prof. Dr. Friedrich Kremer, Universität Leipzig},
 doi = {10.1007/978-3-658-00666-2},
 note = {Kremer, Friedrich (Hrsg.)},
 language = {ger}
}


@collection{Kurzweil.2008,
 year = {2008},
 title = {Physik Formelsammlung},
 edition = {1. Aufl.},
 publisher = {Vieweg},
 isbn = {978-3-8348-0251-4},
 series = {Studium Technik},
 editor = {Kurzweil, Peter},
 abstract = {Nachschlagewerk zur Vorlesungsbegleitung und Prüfungsvorbereitung mit Anwendungsbeispielen aus den Ingenieurwissenschaften. (LK/N: Pleuß)



Formeln zur Physik für Studierende technischer und naturwissenschaftlicher Fächer, mit Anwendungsbeispielen aus den Ingenieurwissenschaften. Nachschlagewerk, das nach Fachdisziplinen gegliedert ist; 2-farbig gedruckt, wobei die eigentlichen Formeln optisch herausgehoben sind. Mit Quellenangaben und ausführlichem Stichwortverzeichnis. Geeignet zur Vorlesungsbegleitung und zur Prüfungsvorbereitung. Ist wegen der anwendungsorientierten Gestaltung anders ausgerichtet als D. Mende (BA 11/05), dazu ausführlicher als H. Heinemann (BA 12/06). Willkommene Ergänzung zu den Lehrbüchern von A. Böge (BA 5/03) und J. Eichler (BA 3/05) aus der gleichen Reihe. (2) (LK/N: Pleuß)},
 pagetotal = {382},
 note = {Kurzweil, Peter (Hrsg.)},
 language = {ger},
 subtitle = {Für Ingenieure und Naturwissenschaftler},
 location = {Wiesbaden}
}


@book{Lang.2016,
 author = {Lang, Christian B. and Pucker, Norbert},
 year = {2016},
 title = {Mathematische Methoden in der Physik},
 url = {http://www.springer.com/},
 edition = {3. Auflage},
 publisher = {{Springer Spektrum}},
 isbn = {978-3-662-49313-7},
 language = {ger},
 location = {Berlin and Heidelberg},
 series = {Lehrbuch},
 abstract = {Gesamtüberblick der Mathematik für Studierende der Physik. Hochschullehrbuch für die ersten Semester. Rezension (ekz):  Um 140 Seiten erweiterte und überarbeitete Auflage des Hochschullehrbuchs. Damals schrieb B. Hörning: {\textquotedbl} ... vermittelt Physikstudenten der ersten Semester einen Überblick über die wichtigsten mathematischen Methoden und ihre Anwendung in der Physik. ... Grosser Wert wird auf Beispielrechnungen und Übungsaufgaben gelegt. Didaktisch gut aufbereitet. In den Boxen {\textquotedbl}Kurz und klar{\textquotedbl} gibt es jeweils knappe Zusammenfassungen des Lernstoffs. Zu jedem der insgesamt 21 Kapitel wird dem interessierten Studenten weiterführende Literatur angeboten. Unter den im Buch verwiesenen Internet-Adressen findet man die kompletten Lösungsweg-Beschreibungen sowie Programmbeispiele numerischer Experimente. Beide Angebote stellen ein weiteres nützliches Hilfsmittel für das Selbststudium dar. Für Bibliotheken an Hochschulstandorten.{\textquotedbl} Dieses gilt für das schwergewichtige Taschenbuch noch immer. Ältere Auflagen tilgen. (3)},
 pagetotal = {859},
 note = {Lang, Christian B. (VerfasserIn)
Pucker, Norbert (VerfasserIn)}
}



@book{Lenze.2020,
 author = {Lenze, Burkhard},
 year = {2020},
 title = {Basiswissen Lineare Algebra},
 edition = {2., überarbeitete Auflage},
 publisher = {{Springer Vieweg} and {Springer Fachmedien Wiesbaden}},
 isbn = {978-3-658-29968-2},
 subtitle = {Eine Einführung mit Aufgaben, Lösungen, Selbsttests und interaktivem Online-Tool},
 location = {Wiesbaden},
 series = {Lehrbuch},
 abstract = {},
 pagetotal = {420}
}


@article{Lim.2005,
 author = {Lim, Brian and McEuen, P.},
 year = {2005},
 title = {Determination of h/e from the Photoelectric Effect},
 url = {https://www.cs.cmu.edu/~byl/publications/phys410%20lab3%20report.pdf},
 urldate = {2022-05-02},
 subtitle = {phys410 lab3 report},
 language = {en;},
 userb = {15:00},
 abstract = {},
 pagetotal = {15},
 file = {phys410 lab3 report:Attachments/phys410 lab3 report.pdf:application/pdf}
}



@book{Marinescu.2020,
 author = {Marinescu, Marlene and Marinescu, Nicolae},
 year = {2020},
 title = {Elektrotechnik für Studium und Praxis},
 url = {http://www.springer.com/},
 edition = {2., erweiterte  Auflage},
 publisher = {{Springer Vieweg}},
 isbn = {978-3-658-28883-9},
 language = {ger},
 abstract = {},
 note = {Marinescu, Marlene (VerfasserIn)  Marinescu, Nicolae (VerfasserIn)},
 organization = {{Springer Fachmedien Wiesbaden}}
}


@online{MarkusvonMathIntuition.20150322CET09:00:14+01:00,
 author = {{Markus von Math Intuition}},
 year = {2015-03-22CET09:00:14+01:00},
 title = {Mathematisch Beweisen lernen für Studenten – ein Leitfaden},
 url = {https://www.math-intuition.de/Beweisen/},
 keywords = {Beweis;Beweisführung},
 urldate = {2020-03-11},
 abstract = {Der einzig echte Leitfaden für mathematisches Beweisen Eigentlich erschreckend, doch es gibt bisher tatsächlich keine wirklich gute Anleitung dafür, WIE man an einen mathematischen Beweis herangeht. Viele Professoren unterstellen ihren Mathe-, Physik- und Informatikstudenten (und wer Beweise sonst noch benötigt) anscheinend, dass man das mit der Zeit „von ganz alleine“ lernt, wenn man nur genug … Mathematisch Beweisen lernen für Studenten – ein Leitfaden weiterlesen →},
 file = {Markus von Math Intuition 2015-03-22CET09 00 14 01 00 - Mathematisch Beweisen lernen für Studenten:Attachments/Markus von Math Intuition 2015-03-22CET09 00 14 01 00 - Mathematisch Beweisen lernen für Studenten.pdf:application/pdf}
}


@online{Martens.,
 author = {Martens, Jürgen},
 year = {29.03.2022},
 title = {Valenzelektron},
 url = {https://www.chemie.de/lexikon/Valenzelektron.html},
 abstract = {Valenzelektron Valenzelektronen (oft auch Außenelektronen genannt) sind die Elektronen, die sich in den äußersten Orbitalen aufhalten und sich an Bindungen},
 language = {de;}
}


@online{Marti.22.03.2018,
 author = {Marti, Orthmar},
 year = {30.03.2022},
 title = {Spektrometer},
 url = {http://wwwex.physik.uni-ulm.de/lehre/op-2016-2017/op-2016-2017se35.html},
 abstract = {}
}


@misc{MassimoRedaelli.04.02.2022,
 author = {{Massimo Redaelli} and {Stefan Lindner} and {Stefan Erhardt} and {Romano Giannetti}},
 year = {04.02.2022},
 title = {CircuiTikZ 1.4.6 - manual},
 url = {https://mirror.informatik.hs-fulda.de/tex-archive/graphics/pgf/contrib/circuitikz/doc/circuitikzmanual.pdf},
 urldate = {2022-04-14},
 abstract = {CircuiTikZ manual},
 file = {CircuiTikZ 1.4:Attachments/CircuiTikZ 1.4.pdf:application/pdf},
 language = {en;}
}


@collection{Meschede.2015,
 year = {2015},
 title = {Gerthsen Physik},
 edition = {25. Auflage},
 publisher = {{Springer Spektrum}},
 isbn = {978-3-662-45976-8},
 series = {Springer-Lehrbuch},
 editor = {Meschede, Dieter},
 abstract = {},
 note = {Meschede, Dieter (HerausgeberIn)  Gerthsen, Christian (Sonstige Person, Familie und Körperschaft)  Vogel, Helmut (Sonstige Person, Familie und Körperschaft)},
 language = {ger}
}


@book{Meyer.2014,
 author = {Meyer, Prof. Dr., Lothar and Gramm, Andreas},
 year = {2014},
 title = {Das große Tafelwerk interaktiv 2.0},
 edition = {1. Aufl., 4. Druck 2014},
 publisher = {Cornelsen},
 isbn = {9783060016112},
 language = {ger},
 location = {Berlin},
 abstract = {},
 pagetotal = {184},
 usera = {Benecke, Karin; Engels, Christiane; Göbels, Wolfgang; Grimmer, Andreas; Simanowsky, Ursula;}
}


@online{mInt,
 author = {Stahmann, Markus},
 title = {Wie{\_}du{\_}an{\_}mathematische{\_}Beweise{\_}herangehst},
 keywords = {Beweis;Beweisführung},
 abstract = {},
 pagetotal = {2},
 date = {Unbekannt},
 file = {Wie_du_an_mathematische_Beweise_herangehst:Attachments/Wie_du_an_mathematische_Beweise_herangehst.pdf:application/pdf},
 location = {Unbekannt},
 howpublished = {PDF}
}


@article{Mohr.2016,
 author = {Mohr, Peter J. and Newell, David B. and Taylor, Barry N.},
 year = {2016},
 title = {CODATA recommended values of the fundamental physical constants: 2014},
 url = {https://www.nist.gov/system/files/documents/pml/div684/fcdc/wall2014.pdf},
 urldate = {2022-01-30},
 pages = {337},
 pagination = {page},
 volume = {88},
 issn = {0034-6861},
 journaltitle = {0034-6861},
 language = {en;},
 doi = {10.1103/RevModPhys.88.035009},
 number = {3},
 abstract = {This report gives the 2014 self-consistent set of values of the constants and conversion factors of physics and chemistry recommended by the Committee on Data for Science and Technology (CODATA). These values are based on a least-squares adjustment that takes into account all data available up to 31 December 2014. The recommended values may also be found on the World Wide Web at physics.nist.gov/constants.},
 file = {main:Attachments/main.pdf:application/pdf},
 note = {11 pages, 8 tables}
}


@online{Muller.,
 author = {{Müller, Dr., Uwe}},
 year = {06.03.2020},
 title = {Physikalisches Grundpraktikum (Websitetitel)},
 url = {https://gpr.physik.hu-berlin.de/gpr.html},
 keywords = {gpr;Praktikum},
 abstract = {},
 subtitle = {Institut für Physik der Hymboldt-Universität zu Berlin}
}


@misc{Muller.>2010,
 author = {{Müller, Dr., Uwe}},
 year = {06.12.2021},
 title = {E3 Transformator},
 url = {https://gpr.physik.hu-berlin.de/Skripten/Elektrodynamik%20und%20Optik/PDF-Dateien/E3.pdf},
 abstract = {},
 organization = {{Humboldt Universität zu Berlin}},
 language = {de;}
}


@misc{Muller.>2010b,
 author = {{Müller, Dr., Uwe}},
 year = {25.08.2022},
 title = {E4 - Wechselstromwiderstände und Reihenwiderstände},
 editor = {{Müller, Dr., Uwe}},
 abstract = {},
 organization = {{Humboldt Universität zu Berlin}},
 language = {de}
}


@misc{Muller.>2010c,
 author = {{Müller, Dr., Uwe}},
 year = {07.02.2022},
 title = {E5 Gleichrichterschaltungen},
 abstract = {},
 language = {de;}
}


@misc{Muller.b,
 author = {{Müller, Dr., Uwe}},
 year = {26.05.2021},
 title = {F4 Bestimmung von Federkonstanten},
 abstract = {},
 file = {F4:Attachments/F4.pdf:application/pdf},
 language = {de;}
}


@misc{Muller.c,
 author = {{Müller, Dr., Uwe}},
 year = {9.6.2021},
 title = {T1 Wärmekapazität eines Kalorimeters},
 url = {https://gpr.physik.hu-berlin.de/Skripten/Mechanik%20und%20Thermodynamik/PDF-Dateien/T1.pdf},
 abstract = {},
 language = {de;}
}


@misc{Muller.d,
 author = {{Müller, Dr., Uwe}},
 year = {23.06.2021},
 title = {M10 Gyroskop},
 url = {https://gpr.physik.hu-berlin.de/Skripten/Mechanik%20und%20Thermodynamik/PDF-Dateien/M10.pdf},
 abstract = {},
 language = {de;}
}


@misc{Muller.e,
 author = {{Müller, Dr., Uwe}},
 year = {23.06.2021},
 title = {M3 Elastizität und Torsion},
 url = {https://gpr.physik.hu-berlin.de/Skripten/Mechanik%20und%20Thermodynamik/PDF-Dateien/M3.pdf},
 abstract = {},
 language = {de;}
}


@misc{Muller.f,
 author = {{Müller, Dr., Uwe}},
 year = {4.7.2021},
 title = {M5 Oberflächenspannung},
 url = {https://gpr.physik.hu-berlin.de/Skripten/Mechanik%20und%20Thermodynamik/PDF-Dateien/M5.pdf},
 abstract = {},
 language = {de;}
}


@thesis{Muller.g,
 author = {{Müller, Dr., Uwe}},
 year = {2021-10-17},
 title = {Physikalisches Grundpraktikum},
 url = {https://gpr.physik.hu-berlin.de/Skripten/Elektrodynamik%20und%20Optik/PDF-Dateien/Elektrodynamik%20und%20Optik.pdf},
 abstract = {},
 type = {Praktikumsskript},
 institution = {{Humboldt Universität zu Berlin}},
 language = {de},
 subtitle = {Interaktives Heft}
}


@misc{Muller.h,
 author = {{Müller, Dr., Uwe}},
 title = {E1 Wheatstonesche Brücke},
 abstract = {},
 organization = {{Humboldt Universität zu Berlin}},
 language = {de;}
}


@misc{Muller.i,
 author = {{Müller, Dr., Uwe}},
 year = {18.01.2022},
 title = {E12 spezifische Ladung von Elektronen},
 url = {https://gpr.physik.hu-berlin.de/Aktuelles/E12%20neu.pdf},
 abstract = {},
 organization = {{Humboldt Universität zu Berlin}},
 file = {Microsoft Word - E12 neu:Attachments/Microsoft Word - E12 neu.pdf:application/pdf},
 language = {de;}
}


@online{MullerDr.Uwe.,
 author = {{Müller, Dr., Uwe}},
 year = {2020-03-06},
 title = {Physikalisches Grundpraktikum (Websitetitel)},
 url = {https://gpr.physik.hu-berlin.de/gpr.html},
 keywords = {gpr;Praktikum},
 abstract = {},
 subtitle = {Institut für Physik der Hymboldt-Universität zu Berlin}
}


@article{MullerDr.Uwe.2007b,
 author = {{Müller, Dr., Uwe}},
 year = {2007},
 title = {Physikalisches Grundpraktikum},
 url = {https://gpr.physik.hu-berlin.de/gpr.html},
 keywords = {Einführung GPR;Grundpraktikum;Praktikum},
 urldate = {2020-03-06},
 subtitle = {Einführung in die Messung, Auswertung und Darstellung experimenteller Ergebnisse in der Physik},
 abstract = {Skriptum zum Grundpraktikum}
}


@misc{MullerEP.2007,
 author = {{Müller, Dr., Uwe}},
 year = {06.03.2020},
 title = {Physikalisches Grundpraktikum 2},
 url = {https://gpr.physik.hu-berlin.de/gpr.html},
 keywords = {Einführungspraktikum;Praktikum},
 abstract = {Skript zum Einführungspraktikum},
 subtitle = {Einführungspraktikum},
 organization = {{Humboldt Universität zu Berlin}},
 file = {Einfuehrungspraktikum:Attachments/Einfuehrungspraktikum.pdf:application/pdf}
}


@misc{MullerPG.2007b,
 author = {{Müller, Dr., Uwe}},
 year = {06.03.2020},
 title = {Physikalisches Grundpraktikum},
 url = {https://gpr.physik.hu-berlin.de/gpr.html},
 keywords = {Einführung GPR;Grundpraktikum;Praktikum},
 abstract = {Skriptum zum Grundpraktikum},
 subtitle = {Einführung in die Messung, Auswertung und Darstellung experimenteller Ergebnisse in der Physik},
 file = {Einfuehrung:Attachments/Einfuehrung.pdf:application/pdf}
}


@book{Nolting.2011,
 author = {Nolting, Wolfgang},
 year = {2011},
 title = {Grundkurs Theoretische Physik 5/2},
 url = {http://nbn-resolving.org/urn:nbn:de:bsz:31-epflicht-1492557},
 edition = {7. Aufl. 2012},
 publisher = {{Springer Berlin Heidelberg}},
 isbn = {978-3-642-24420-9},
 subtitle = {Quantenmechanik - Methoden und Anwendungen},
 language = {ger},
 location = {Berlin, Heidelberg},
 series = {Springer-Lehrbuch},
 abstract = {},
 pagetotal = {588},
 note = {Nolting, Wolfgang (VerfasserIn)}
}


@book{Nolting.2011b,
 author = {Nolting, Wolfgang},
 year = {2011},
 title = {Grundkurs Theoretische Physik 3},
 urldate = {2023-01-15},
 edition = {9., aktualisierte Aufl.},
 volume = {3},
 publisher = {Springer},
 isbn = {978-3-642-13448-7},
 subtitle = {Elektrodynamik},
 language = {ger},
 location = {Berlin},
 series = {Springer-Lehrbuch},
 abstract = {},
 pagetotal = {611},
 userc = {15.01.2023},
 organization = {{Springer-Verlag GmbH} and {Humboldt Universität zu Berlin}}
}


@book{Nolting.2011c,
 author = {Nolting, Wolfgang},
 year = {2011},
 title = {Grundkurs Theoretische Physik 2},
 url = {http://site.ebrary.com/lib/alltitles/docDetail.action?docID=10425313},
 edition = {8., aktualisierte Aufl.},
 volume = {2},
 publisher = {Springer},
 isbn = {978-3-642-12949-0},
 subtitle = {Analytische Mechanik},
 language = {ger},
 location = {Heidelberg},
 series = {Grundkurs Theoretische Physik},
 abstract = {},
 pagetotal = {327},
 organization = {{ebrary, Inc}}
}


@book{Nolting.2011d,
 author = {Nolting, Wolfgang},
 year = {2011},
 title = {Grundkurs Theoretische Physik 1},
 url = {http://nbn-resolving.org/urn:nbn:de:bsz:31-epflicht-1622048},
 edition = {9. Aufl. 2011},
 publisher = {{Springer Berlin Heidelberg}},
 isbn = {978-3-642-12947-6},
 subtitle = {Klassische Mechanik},
 language = {ger},
 location = {Berlin, Heidelberg},
 series = {Springer-Lehrbuch},
 abstract = {},
 pagetotal = {443},
 note = {Nolting, Wolfgang (VerfasserIn)}
}


@book{Nolting.2013,
 author = {Nolting, Wolfgang},
 year = {2013},
 title = {Elektrodynamik},
 edition = {10. Auflage},
 volume = {3},
 publisher = {{Springer Spektrum}},
 isbn = {978-3-642-37904-8},
 language = {ger},
 location = {Berlin},
 series = {Springer-Lehrbuch},
 abstract = {},
 pagetotal = {677},
 note = {Nolting, Wolfgang (VerfasserIn)}
}


@book{Nolting.2013b,
 author = {Nolting, Wolfgang},
 year = {2013},
 title = {Quantenmechanik - Grundlagen},
 edition = {8. Auflage},
 volume = {5,1},
 publisher = {{Springer Spektrum}},
 isbn = {978-3-642-25402-4},
 language = {ger},
 location = {Berlin and Heidelberg},
 series = {Lehrbuch},
 abstract = {},
 pagetotal = {539},
 note = {Nolting, Wolfgang (VerfasserIn)}
}


@book{Nolting.2016,
 author = {Nolting, Wolfgang},
 year = {2016},
 title = {Thermodynamik},
 edition = {9. Auflage},
 volume = {4/2},
 publisher = {{Springer Spektrum}},
 isbn = {978-3-662-49032-7},
 language = {ger},
 location = {Berlin and Heidelberg},
 series = {Springer-Lehrbuch},
 abstract = {},
 pagetotal = {296},
 note = {Nolting, Wolfgang (VerfasserIn)}
}


@misc{OlafMuller.2.11.202027.02.2021,
 author = {{Olaf Müller}},
 title = {Analysis 1},
 abstract = {},
 date = {2.11.2020-27.02.2021},
 location = {Berlin},
 language = {de; en;},
 urldate = {2021-01-09},
 organization = {{Humboldt Universität zu Berlin}},
 series = {Vorlesung zur Analysis 1 WiSe 2020/21},
 pagerange = {164},
 file = {Skript Ana 1:Attachments/Skript Ana 1.pdf:application/pdf}
}



@online{OthmarMartie.09.09.2008,
 author = {{Othmar Martie}},
 year = {09.09.2008},
 title = {Teilchensysteme und Impulserhaltung},
 url = {http://wwwex.physik.uni-ulm.de/lehre/physing1/node21.html},
 urldate = {2020-06-06},
 abstract = {Teilchensysteme und Impulserhaltung},
 organization = {{Universität Ulm}}
}
@book{Poljanin.2002,
 author = {Poljanin, Andrej D.},
 year = {2002},
 title = {Handbook of linear partial differential equations for engineers and scientists},
 url = {http://www.loc.gov/catdir/enhancements/fy0646/2001052427-d.html},
 publisher = {{Chapman {\&} Hall/CRC}},
 isbn = {1-58488-299-9},
 language = {eng},
 location = {Boca Raton},
 abstract = {},
 pagetotal = {781}
}


@book{Poljanin.2004,
 author = {Poljanin, Andrej D. and Zajcev, Valentin F.},
 year = {2004},
 title = {Handbook of nonlinear partial differential equations},
 url = {http://www.loc.gov/catdir/enhancements/fy0646/2003058473-d.html},
 publisher = {{Chapman {\&} Hall/CRC}},
 isbn = {1-58488-355-3},
 language = {eng},
 location = {Boca Raton, Fla.},
 abstract = {},
 pagetotal = {814}
}


@book{Puschner.2017,
 author = {Püschner, Daniel},
 year = {2017},
 title = {Quantitative Rechenverfahren der Theoretischen Chemie},
 publisher = {{Springer Spektrum}},
 isbn = {978-3-658-18241-0},
 language = {ger},
 location = {Wiesbaden and Heidelberg},
 series = {essentials},
 abstract = {},
 pagetotal = {55},
 note = {Püschner, Daniel (VerfasserIn)},
 organization = {{Springer Fachmedien Wiesbaden}}
}


@online{Ren.2001,
 author = {Ren, Wei},
 year = {24.03.2022},
 title = {Engineering Metrology Toolbox},
 url = {https://emtoolbox.nist.gov/Wavelength/Documentation.asp},
 abstract = {},
 organization = {{National Institute of Standards and Technology}},
 language = {en;}
}


@book{Rith.2006,
 author = {Rith, Klaus and Povh, Bogdan and Scholz, Christoph and Zetsche, Frank},
 year = {2006},
 title = {Teilchen und Kerne},
 edition = {7. Aufl.},
 publisher = {Springer},
 isbn = {978-3-540-36685-0},
 subtitle = {Eine Einführung in die physikalischen Konzepte},
 language = {ger},
 location = {Berlin and Heidelberg},
 series = {Springer-Lehrbuch},
 abstract = {},
 pagetotal = {417}
}



@book{Scherer.2017,
 author = {Scherer, Philipp O. J.},
 year = {2017},
 title = {Computational Physics},
 edition = {Third edition},
 publisher = {Springer},
 isbn = {978-3-319-61087-0},
 language = {eng},
 location = {Cham},
 series = {Graduate Texts in Physics},
 abstract = {This textbook presents basic numerical methods and applies them to a large variety of physical models in multiple computer experiments. Classical algorithms and more recent methods are explained. Partial differential equations are treated generally comparing important methods, and equations of motion are solved by a large number of simple as well as more sophisticated methods. Several modern algorithms for quantum wavepacket motion are compared. The first part of the book discusses the basic numerical methods, while the second part simulates classical and quantum systems. Simple but non-trivial examples from a broad range of physical topics offer readers insights into the numerical treatment but also the simulated problems. Rotational motion is studied in detail, as are simple quantum systems. A two-level system in an external field demonstrates elementary principles from quantum optics and simulation of a quantum bit. Principles of molecular dynamics are shown. Modern bounda ry element methods are presented in addition to standard methods, and waves and diffusion processes are simulated comparing the stability and efficiency of different methods. A large number of computer experiments is provided, which can be tried out even by readers with no programming skills. Exercises in the applets complete the pedagogical treatment in the book. In the third edition Monte Carlo methods and random number generation have been updated taking recent developments into account. Krylov-space methods for eigenvalue problems are discussed in much more detail. The wavelet transformation method has been included as well as simple applications to continuum mechanics and convection-diffusion problems. Lastly, elementary quantum many-body problems demonstrate the application of variational and Monte-Carlo methods.



I. Numerical Methods -- Error Analysis -- Interpolation -- Numerical Differentiation -- Numerical Integration -- Systems of Inhomogeneous Linear Equations -- Roots and Extremal Points -- Fourier Transformation -- Wavelets -- Random Numbers and Monte Carlo Methods -- Eigenvalue Problems -- Data Fitting -- Discretization of Differential Equations -- Equations of Motion -- II. Simulation of Classical and Quantum Systems -- Rotational Motion -- Molecular Mechanics -- Continuum Mechanics -- Thermodynamic Systems -- Random Walk and Brownian Motion -- Electrostatics -- Waves -- Diffusion -- Convection -- Nonlinear Systems -- Simple Quantum Systems -- Quantum Many -Body Systems},
 pagetotal = {633},
 doi = {10.1007/978-3-319-61088-7},
 note = {Scherer, Philipp O. J. (VerfasserIn)}
}


@misc{Schottner.,
 author = {Schöttner, Anja},
 title = {II Erklärungsansätze für die Existenz von Unternehmen auf Märkten},
 abstract = {},
 pagetotal = {67},
 location = {Berlin},
 organization = {{Humboldt Universität zu Berlin}}
}


@misc{Schottner.b,
 author = {Schöttner, Anja},
 title = {I Grundlagen der Spieltheorie},
 abstract = {},
 pagetotal = {31},
 location = {Berlin},
 organization = {{Humboldt Universität zu Berlin}},
 language = {de;}
}


@misc{Schottner.c,
 author = {Schöttner, Anja},
 title = {III Organisationsprobleme},
 abstract = {},
 pagetotal = {48},
 location = {Berlin},
 organization = {{Humboldt Universität zu Berlin}}
}


@misc{Schottner.d,
 author = {Schöttner, Anja},
 title = {IV Managementprobleme},
 abstract = {},
 pagetotal = {40},
 location = {Berlin},
 organization = {{Humboldt Universität zu Berlin}}
}



@book{Slama.2020,
 author = {Slama, Sebastian},
 year = {2020},
 title = {Experimentalphysik kompakt für Naturwissenschaftler},
 edition = {2. Auflage},
 publisher = {{Springer Spektrum}},
 isbn = {978-3-662-60612-4},
 subtitle = {Mechanik, Thermodynamik, Elektrodynamik, Optik et Quantenphysik},
 series = {Lehrbuch},
 abstract = {},
 note = {Slama, Sebastian (Verfasser.)}
}

@online{Specht.20.05.2019,
 author = {Specht, E.},
 year = {2020-03-18},
 title = {Der kleine Helfer für das Physikalische Praktikum},
 url = {http://hydra.nat.uni-magdeburg.de/praktikum/index.html},
 keywords = {Fehlerrechnung;Praktikum},
 abstract = {Der kleine Helfer für das Physikalische Praktikum}
}


@online{SpektrumVerlag.1998,
 author = {{Spektrum Verlag}},
 editor = {{Spektrum Akademischer Verlag}},
 year = {1998},
 title = {Astigmatismus},
 url = {https://www.spektrum.de/lexikon/physik/astigmatismus/810},
 urldate = {2021-12-03},
 abstract = {},
 location = {Heidelberg},
 language = {de;},
 subtitle = {Lexikon der Physik}
}



@book{Steinmann.2021,
 author = {Steinmann, Paul and Runesson, Kenneth},
 year = {2021},
 title = {The catalogue of computational material models},
 publisher = {Springer},
 isbn = {978-3-030-63683-8},
 language = {eng},
 location = {Cham},
 abstract = {},
 pagetotal = {402},
 note = {Steinmann, Paul (VerfasserIn)
Runesson, Kenneth (VerfasserIn)}
}


@online{Stephan2802.2022,
 author = {Stephan2802},
 editor = {Wikipedia},
 year = {2022},
 title = {Umkehrfunktion},
 url = {https://de.wikipedia.org/w/index.php?title=Umkehrfunktion&oldid=219260201},
 urldate = {2022-01-25},
 abstract = {In der Mathematik bezeichnet die Umkehrfunktion oder inverse Funktion einer bijektiven Funktion die Funktion, die jedem Element der Zielmenge sein eindeutig bestimmtes Urbildelement zuweist.

Eine Funktion
f

:

A

→

B

{\displaystyle f\colon A\to B}

ordnet jedem
a

∈

A

{\displaystyle a\in A}

ein eindeutig bestimmtes Element

b

∈

B

{\displaystyle b\in B}

zu, das mit







f

(

a

)





{\displaystyle f(a)}

bezeichnet wird.

Gilt für







a

∈

A

,

b

∈

B





{\displaystyle a\in A,b\in B}

die Beziehung







b

=

f

(

a

)





{\displaystyle b=f(a)}

, so sagt man auch, dass







a





{\displaystyle a}

ein Urbildelement von







b





{\displaystyle b}

unter







f





{\displaystyle f}

ist. Im Allgemeinen kann ein Element von







B





{\displaystyle B}

kein, ein oder mehrere Urbildelemente unter







f





{\displaystyle f}

besitzen.

Falls jedes Element von







B





{\displaystyle B}

genau ein Urbildelement unter







f





{\displaystyle f}

besitzt (man spricht dann von dem Urbildelement), nennt man







f





{\displaystyle f}

invertierbar. In diesem Fall kann man eine Funktion









f



−

1





:

B

→

A





{\displaystyle f{\^{}}{-1}\colon B\to A}

definieren, die jedem Element von







B





{\displaystyle B}

ihr eindeutig definiertes Urbildelement unter







f





{\displaystyle f}

zuordnet.

Diese Funktion wird dann als die Umkehrfunktion von







f





{\displaystyle f}

bezeichnet.

Man kann leicht nachweisen, dass eine Funktion genau dann invertierbar ist, wenn sie bijektiv (also gleichzeitig injektiv und surjektiv) ist. Tatsächlich besagt die Injektivität nichts anderes, als dass jedes Element von







B





{\displaystyle B}

höchstens ein Urbildelement unter







f





{\displaystyle f}

besitzt. Die Surjektivität besagt gerade, dass jedes Element von







B





{\displaystyle B}

mindestens ein Urbildelement unter







f





{\displaystyle f}

besitzt.

Der Begriff der Umkehrfunktion gehört formal zum mathematischen Teilgebiet der Mengenlehre, wird aber in vielen Teilgebieten der Mathematik verwendet.},
 file = {Wikipedia (Hg.) 2022 - Umkehrfunktion:Attachments/Wikipedia (Hg.) 2022 - Umkehrfunktion.pdf:application/pdf},
 note = {Creative Commons Attribution-ShareAlike License
Page Version ID: 219260201},
 language = {de}
}


@book{Stiny.2021,
 author = {Stiny, Leonhard},
 year = {2021},
 title = {Schnelleinführung Elektronik},
 url = {http://www.springer.com/},
 publisher = {Springer},
 isbn = {978-3-658-33461-1},
 language = {ger},
 series = {Lehrbuch},
 abstract = {Die Grundlagen der Elektronik, basierend auf der E-Technik, sind u.a. Stoff zahlreicher technischer Studiengänge und müssen von den entsprechenden Studierenden, die vor einer Prüfung stehen, möglichst schnell erlernt werden. Hier handelt es sich um eine Kurzdarstellung des Stoffes, zeitsparend und trotzdem umfassend für Studierende an Technischen Schulen, Fachhochschulen, Technischen Universitäten usw. Ergänzend zu den anderen Titeln des Autors ({\textquotedbl}Grundwissen Elektrotechnik und Elektronik{\textquotedbl}, ID-A 44/18 und {\textquotedbl}Schnelleinführung Elektrotechnik{\textquotedbl}, ID-B 16/21) empfohlen. (2)},
 note = {Stiny, Leonhard (VerfasserIn)},
 organization = {{Springer Fachmedien Wiesbaden}}
}


@article{Struckmeier.,
 author = {Struckmeier, Jens},
 title = {Analysis I für Studierende der Ingenieurwissenschaften},
 url = {https://www.math.uni-hamburg.de/teaching/export/tuhh/cm/a1/1011/vorlesungen/vorl04.pdf},
 keywords = {Folgen;Hilberträume;Konvergenz;Konvergenz von Folgen und Reihen;Newton-Verfahren;normierte Vektorräume},
 urldate = {2020-05-04},
 abstract = {},
 pagetotal = {8},
 file = {Struckmeier - Analysis I für Studierende:Attachments/Struckmeier - Analysis I für Studierende.pdf:application/pdf}
}


@misc{T7,
 author = {{Müller, Dr., Uwe}},
 year = {17.05.2021},
 title = {T7 Spezifische Wärmekapazität idealer Gase},
 abstract = {},
 file = {T7:Attachments/T7.pdf:application/pdf},
 language = {de}
}


@misc{Tantau.2007,
 author = {Tantau, Till},
 year = {31.03.2022},
 title = {TikZ and PGF},
 url = {https://www.bu.edu/math/files/2013/08/tikzpgfmanual.pdf},
 abstract = {},
 note = {13:50 Uhr},
 subtitle = {Manuel for version 1.18},
 organization = {{Universität zu Lübeck}},
 file = {tikzpgfmanual:Attachments/tikzpgfmanual.pdf:application/pdf},
 language = {en;}
}


@book{TdM.2012,
 author = {Bronštejn, Ilʹja N. and Semendjaev, Konstantin A. and Musiol, Gerhard and Mühlig, Heiner},
 year = {2012},
 title = {Taschenbuch der Mathematik},
 keywords = {Mathematik},
 edition = {8., vollst. überarb. Aufl.},
 publisher = {Deutsch},
 isbn = {978-3-8171-2008-6},
 language = {ger},
 location = {Frankfurt am Main},
 abstract = {Der {\textquotedbl}Bronstein{\textquotedbl} enthält in kompakt-übersichtlicher Form einen Querschnitt der Mathematik, wie ihn Ingenieure, Naturwissenschaftler und Mathematiker zum Nachschlagen benötigen. Die Herausgeber streben laut Vorwort neben Aktualität vor allem Praxisnähe an und sind dem durch die Ergänzung einiger instruktiver Beispiele nachgekommen. Struktur und weite Teile des Textes dieser 8. Auflage (Ausgabe mit CD-ROM in dieser Nr.) sind jedoch unverändert geblieben, sodass ein Austausch der 7. Auflage (BA 2/09) aus inhaltlichen Gründen nicht notwendig ist. - Als Standardnachschlagewerk für Studium und Berufspraxis weiter empfohlen. (1 A) (LK/SH: Gülck)



Rez.: Der {\textquotedbl}Bronstein{\textquotedbl} enthält in kompakt-übersichtlicher Form einen Querschnitt der Mathematik wie ihn Ingenieure, Naturwissenschaftler und Mathematiker zum Nachschlagen benötigen. Die von den Herausgebern angestrebte Aktualität und Praxisnähe spiegelt sich in den Ergänzungen der aktuellen Ausgabe wider (6. Auflage: BA 11/05; ältere Auflagen ersetzen). So wurde etwa die Darstellung von geometrischen Transformationen und Koordinatentransformationen im Hinblick auf Anwendungen in der Bildverarbeitung und Robotik zusammengefasst oder Matlab-, Mathematica- und Maple-Lösungen für numerische Standardaufgaben ergänzt. - Wichtiges Nachschlagewerk für Studium und Berufspraxis. (1 A)},
 pagetotal = {1230}
}


@online{Team.12.03.2023,
 author = {Team, E. WebB.I.},
 year = {12.03.2023},
 title = {1,2-dioleoyl-sn-glycero-3-phosphocholine},
 url = {https://www.ebi.ac.uk/chebi/searchId.do?chebiId=CHEBI:74669},
 urldate = {2023-03-12},
 abstract = {Chemical Entities of Biological Interest (ChEBI) is a freely available dictionary of molecular entities focused on 'small' chemical compounds.},
 language = {en}
}


@article{Teo.2021,
 author = {Teo, Ruijie D. and Tieleman, D. Peter},
 year = {2021},
 title = {Modulation of Phospholipid Bilayer Properties by Simvastatin},
 urldate = {2023-03-06},
 pages = {8406--8418},
 pagination = {page},
 volume = {125},
 journaltitle = {The journal of physical chemistry. B},
 language = {eng},
 doi = {10.1021/acs.jpcb.1c03359},
 number = {30},
 abstract = {Simvastatin (Zocor) is one of the most prescribed drugs for reducing high cholesterol. Although simvastatin is ingested in its inactive lactone form, it is converted to its active dihydroxyheptanoate form by carboxylesterases in the liver. The dihydroxyheptanoate form can also be converted back to its original lactone form. Unfortunately, some of the side effects associated with the intake of simvastatin and other lipophilic statins at higher doses include statin-associated myopathy (SAM) and, in more severe cases, kidney failure. While the cause of SAM is unknown, it is hypothesized that these side effects are dependent on the localization of statins in lipid bilayers and their impact on bilayer properties. In this work, we carry out all-atom molecular dynamics simulations on both the lactone and dihydroxyheptanoate forms of simvastatin (termed {\textquotedbl}SN{\textquotedbl} and {\textquotedbl}SA{\textquotedbl}, respectively) with a pure 1-palmitoyl-2-oleoyl-sn-glycero-3-phosphocholine (POPC) lipid bilayer and a POPC/cholesterol (30 mol {\%}) binary mixture as membrane models. Additional simulations were carried out with multiple simvastatin molecules to mimic in vitro conditions that produced pleiotropic effects. Both SN and SA spontaneously diffused into the lipid bilayer, and a longer simulation time of 4 μs was needed for the complete incorporation of multiple SAs into the bilayer. By constructing potential mean force and electron density profiles, we find that SN localizes deeper within the hydrophobic interior of the bilayer and that SA has a greater tendency to form hydrogen-bonding interactions with neighboring water molecules and lipid headgroups. For the pure POPC bilayer, both SN and SA increase membrane order, while membrane fluidity increases for the POPC/cholesterol bilayer.},
 note = {Journal Article
Research Support, Non-U.S. Gov't
Journal Article
Research Support, Non-U.S. Gov't},
 eprint = {34296883}
}


@book{Tipler.2019,
 author = {Tipler, Paul A. and Mosca, Gene and Kersten, Peter},
 year = {2019},
 title = {Physik},
 keywords = {Determinante;Differentialrechnung;Elektromagnetismus;Erhaltungssätze;Felder;Integralrechnung;Kinematik;Koordinatensysteme;Kreiseltheorie;Matrizen;Mechanik;Optik;Planetenbewegungen;Rotation um die eigene Achse;Schwingungen und Wellen;starrer Körper;Thermodynamik;Trägheitstensor;Vektor;vektorwertgige Funktionen},
 edition = {8th ed. 2019},
 isbn = {978-3-662-58281-7},
 subtitle = {Für Studierende der Naturwissenschaften und Technik},
 abstract = {},
 pagetotal = {1Online-Ressource (XXXII, 1468 Seiten)},
 doi = {10.1007/978-3-662-58281-7}
}


@online{Unbekannt.,
 author = {Unbekannt},
 editor = {Enzyklo.de, Deutsche Enzyklopädie},
 title = {Fokalebene},
 url = {https://www.enzyklo.de/Begriff/Fokalebene},
 urldate = {2021-12-03},
 abstract = {},
 subtitle = {Bedeutung}
}


@online{Unbekannt.04.07.2021,
 author = {Unbekannt},
 year = {04.07.2021},
 title = {Oberflächenspannung},
 url = {https://www.chemie.de/lexikon/Oberfl%C3%A4chenspannung.html},
 abstract = {Oberflächenspannung ~ ~ ~ ~ Die Oberflächenspannung ist eine Eigenschaft der Oberfläche (Grenzfläche) zwischen einer Flüssigkeit und einem}
}


@online{Unbekannt.04.12.2014,
 author = {Unbekannt},
 editor = {{Spektrum der Wissenschaft Verlag}},
 year = {19.12.2021},
 title = {Hystereseverluste},
 url = {https://www.spektrum.de/lexikon/physik/hystereseverluste/7081},
 abstract = {Hystereseverluste, die durch den Effekt der Hysterese insbesondere in Transformatoren auftretenden Verluste, die sich in einer Phasenverschiebung zwischen…},
 language = {de;}
}


@misc{Unbekannt.09.06.2015,
 author = {Unbekannt},
 year = {30.01.2022},
 title = {Determining the electron charge to mass ratio (e/m)},
 url = {http://wwwalt.physnet.uni-hamburg.de/TUHH/Versuchsanleitung_eng/Spezifische_Ladung_eng.pdf},
 abstract = {},
 organization = {{NSTITUTE FOR NANOSTRUCTURE- AND SOLID STATE PHYSICS}},
 file = {electron_charge_to_mass_ratio:Attachments/electron_charge_to_mass_ratio.pdf:application/pdf},
 language = {en;}
}


@online{Unbekannt.17.01.2022,
 author = {Unbekannt},
 year = {17.01.2022},
 title = {Kennzeichnung von Widerständen mit Widerstandsfarbcode},
 url = {https://www.elektronik-kompendium.de/sites/bau/1109051.htm},
 abstract = {}
}

@online{Unbekannt.19.01.2022,
 author = {Unbekannt},
 year = {19.01.2022},
 title = {VOLTCRAFT VC650BT Tisch-Multimeter digital},
 url = {https://www.conrad.de/de/p/voltcraft-vc650bt-tisch-multimeter-digital-cat-ii-600-v-anzeige-counts-40000-124411.html},
 abstract = {Top VOLTCRAFT Auswahl ✓ Schnelle {\&} versandkostenfreie Lieferung ab 59,50 € möglich ➥ Jetzt günstig online kaufen: VOLTCRAFT VC650BT Tisch-Multimeter  digital  CAT II 600 V Anzeige (Counts): 40000},
 language = {de;}
}


@online{Unbekannt.19.12.2021,
 author = {Unbekannt},
 year = {19.12.2021},
 title = {Transformator | LEIFIphysik},
 url = {https://www.leifiphysik.de/elektrizitaetslehre/induktion-und-transformator/grundwissen/transformator},
 abstract = {},
 organization = {{Joachim Herz Stiftung}},
 language = {de;}
}


@online{Unbekannt.2005,
 author = {Unbekannt},
 year = {2005},
 title = {Kapitel 4},
 url = {http://www3.math.uni-paderborn.de/~walter/teachingSS05/InfosII/Kapitel4.pdf},
 urldate = {2021-01-16},
 abstract = {},
 organization = {{Universität Paderborn}},
 subtitle = {Funktionen und Stetigkeit}
}


@online{Unbekannt.2019,
 author = {Unbekannt},
 editor = {Wikipedia},
 year = {2021-06-30},
 title = {Libelle (Messtechnik)},
 url = {https://de.wikipedia.org/w/index.php?title=Libelle_(Messtechnik)&oldid=194517111},
 abstract = {Als Libelle (lat. kleine Waage) wird in der Messtechnik eine mit einer Flüssigkeit und einer Luft- bzw. Gasblase gefüllte, schwach gebogene Kunststoff- oder Glasröhre bezeichnet, die zur Überprüfung der horizontalen bzw. vertikalen Lage von Gegenständen, Instrumentenachsen oder Messlinien dient. Häufigste Anwendung ist die Wasserwaage. In der Geodäsie werden Libellen zur genauen Horizontierung der Messinstrumente (Theodolite, Tachymeter) verwendet.},
 note = {Creative Commons Attribution-ShareAlike License  Page Version ID: 194517111},
 language = {de}
}


@online{Unbekannt.2020,
 author = {Unbekannt},
 editor = {Wikipedia},
 year = {2020},
 title = {Harmonischer Oszillator},
 url = {https://de.wikipedia.org/w/index.php?title=Harmonischer_Oszillator&oldid=200277988},
 urldate = {2020-06-28},
 abstract = {Ein harmonischer Oszillator ist ein schwingungsfähiges System, das sich durch eine lineare Rückstellgröße auszeichnet. Für ein mechanisches System bedeutet dies, dass es eine Kraft gibt, die einer zunehmenden Auslenkung mit proportional anwachsender Stärke entgegenwirkt. Nach einem Anstoß von außen schwingt ein harmonischer Oszillator sinusförmig (= harmonisch) um seine Ruhelage, wobei die Schwingungsdauer unabhängig von der Größe der Auslenkung ist. Beispiele für harmonische Oszillatoren sind Federpendel, elektrische Schwingkreise und Stimmgabeln.

Der harmonische Oszillator ist ein wichtiges Modellsystem der Physik. Er ist durch nur zwei Parameter vollständig beschrieben, die Eigenfrequenz und die Dämpfung. Viele komplexere Systeme verhalten sich bei kleinen Auslenkungen näherungsweise wie harmonische Oszillatoren, z. B. das Fadenpendel. Der harmonische Oszillator in der Quantenmechanik ist eines der wenigen quantenmechanischen Systeme, das sich ohne Näherungen berechnen lässt.

Die Bezeichnung harmonischer Oszillator wird auch für gedämpfte harmonische Oszillatoren verwendet, auch wenn diese streng genommen keine harmonische Schwingung vollziehen, sondern eine gedämpfte Schwingung.},
 file = {Wikipedia (Hg.) 2020 - Harmonischer Oszillator:Attachments/Wikipedia (Hg.) 2020 - Harmonischer Oszillator.pdf:application/pdf},
 note = {Creative Commons Attribution-ShareAlike License
Page Version ID: 200277988},
 language = {de}
}


@online{Unbekannt.2020b,
 author = {Unbekannt},
 editor = {Wikipedia},
 year = {2020},
 title = {Phasenverschiebung},
 url = {https://de.wikipedia.org/w/index.php?title=Phasenverschiebung&oldid=197191852},
 urldate = {2020-07-07},
 abstract = {Die Phasenverschiebung, auch Phasendifferenz oder Phasenlage, ist ein Begriff der Physik und Technik im Zusammenhang mit periodischen Vorgängen. Zwei Sinusschwingungen sind gegeneinander in ihren Phasenwinkeln verschoben, wenn ihre Periodendauern zwar übereinstimmen, die Zeitpunkte ihrer Nulldurchgänge aber nicht. Die Angabe einer konstanten Phasenverschiebung ist auch dann möglich, wenn die Periodenlängen nicht gleich, aber ganzzahlige Vielfache voneinander sind.

Phasenverschiebungen können dort auftreten, wo Zeitglieder, Trägheiten oder Reaktanzen eine Rolle spielen, so vor allem in der Elektrotechnik, der Elektroakustik, der Akustik und in der Schwingungsmechanik. Der Begriff wird auch in anderen Gebieten angewendet, siehe unten.},
 note = {Creative Commons Attribution-ShareAlike License
Page Version ID: 197191852},
 language = {de}
}


@online{Unbekannt.30.01.2022,
 author = {Unbekannt},
 year = {30.01.2022},
 title = {electron charge to mass quotient},
 url = {https://physics.nist.gov/cgi-bin/cuu/Value?esme},
 abstract = {},
 organization = {{NIST, National Institute of Standards and Technology, U.S. Department of Commerce}},
 subtitle = {-e/m{\_}e}
}


@online{Unbekannt.31.01.2022,
 author = {Unbekannt},
 year = {31.01.2022},
 title = {CODATA Value: speed of light in vacuum},
 url = {https://physics.nist.gov/cgi-bin/cuu/Value?c},
 abstract = {}
}


@online{Unbekannt.31.01.2022b,
 author = {Unbekannt},
 year = {31.01.2022},
 title = {CODATA Value: speed of light in vacuum},
 url = {https://physics.nist.gov/cgi-bin/cuu/Value?c},
 abstract = {}
}


@misc{Unbekannt.b,
 author = {Unbekannt},
 year = {07.02.2022},
 title = {Checkliste für Ihren Report zu Versuch E5},
 abstract = {},
 language = {de;}
}


@misc{UnbekannterAutor.,
 author = {{Unbekannter Autor}},
 year = {23.03.2022},
 title = {413 - Abbesche Theorie},
 url = {https://www.physik.uni-jena.de/pafmedia/praktika/physikalisches-grundpraktikum/versuche-anleitungen/v-413.pdf},
 abstract = {},
 organization = {{Universität Jena}},
 file = {v-413:Attachments/v-413.pdf:application/pdf}
}



@online{UnbekannterAutor.02.05.2022,
 author = {{Unbekannter Autor}},
 year = {02.05.2022},
 title = {Formel: Photoeffekt (Photonenenergie, Austrittsarbeit, Geschwindigkeit)},
 url = {https://de.universaldenker.org/formeln/755},
 urldate = {2022-05-02},
 abstract = {Formel (Einstein-Gleichung für den Photoeffekt), mit der du Austrittsarbeit, Geschwindigkeit oder Lichtfrequenz berechnen kannst.},
 userb = {14:00}
}


@online{UnbekannterAutor.12.03.2023,
 author = {{Unbekannter Autor}},
 year = {12.03.2023},
 title = {2-Oleoyl-1-palmitoyl-sn-glycero-3-phosphocholin},
 url = {https://www.sigmaaldrich.com/DE/de/product/sigma/p3017},
 urldate = {2023-03-12},
 abstract = {2-Oleoyl-1-palmitoyl-sn-glycero-3-phosphocholin ≥95.5{\%} (GC), ≥98{\%} (TLC); CAS Number: 26853-31-6; EC Number: 248-056-7; Synonyms: (7R,17Z)-4-Hydroxy-N,N,N-trimethyl-9-oxo-7-[[(1-oxohexadecyl)-oxy]-methyl]-3,5,8-trioxa-4-phosphahexacos-17-en-1-aminium-4-oxid, inneres Salz,1-Hexadecanoyl-2-(9Z-octadecenoyl)-sn-glycero-3-phosphocholin,1-Palmitoyl-2-oleoyl-sn-glycero-3-phosphocholin,3-sn-Phosphatidylcholin, 2-oleoyl-1-palmitoyl,L-β-Oleoyl-γ-palmitoyl-α-lecithin,PC(16:0/18:1(9Z)),PC(16:0/18:1),PC(16:0/18:1w9),POPC; find Sigma-Aldrich-P3017 MSDS, related peer-reviewed papers, technical documents, similar products {\&} more at Sigma-Aldrich}
}


@online{UnbekannterAutor.15.03.2023,
 author = {{Unbekannter Autor}},
 year = {15.03.2023},
 title = {Periodensystem},
 url = {https://www.chemie.de/lexikon/Periodensystem.html},
 urldate = {2023-03-15},
 abstract = {Periodensystem Das Periodensystem der Elemente (kurz Periodensystem oder PSE) stellt alle chemischen Elemente mit steigender Kernladung (Ordnungszahl) und}
}


@online{UnbekannterAutor.2014,
 author = {{Unbekannter Autor}},
 editor = {{Spektrum Akademischer Verlag}},
 year = {24.03.2022},
 title = {Abbesche Theorie},
 url = {https://www.spektrum.de/lexikon/physik/abbesche-theorie/13},
 abstract = {Abbesche Theorie, von E. Abbe entwickelte Theorie der mikroskopischen Abbildung, wonach für die Bildentstehung nach Korrektur der Abbildungsfehler die…},
 organization = {{Spektrum Akademischer Verlag}},
 language = {de;}
}


@online{UnbekannterAutor.30.04.2020,
 author = {{Unbekannter Autor}},
 year = {01.04.2022},
 title = {Polarisation • Definition und Anwendungsbeispiele · [mit Video]},
 url = {https://studyflix.de/ingenieurwissenschaften/polarisation-1984},
 abstract = {},
 note = {14:45 Uhr},
 language = {de;}
}


@online{UnbekannterAutor.b,
 author = {{Unbekannter Autor}},
 year = {29.03.2022},
 title = {Spektroskopie},
 url = {https://www.chemie.de/lexikon/Spektroskopie.html#Spektroskopiearten_nach_Wellenl.C3.A4ngen_und_untersuchten_Eigenschaften},
 abstract = {Spektroskopie ~~ Spektroskopie ist eine Gruppe experimenteller Verfahren, die anhand des Spektrums (Farbzerlegung) von Lichtquellen untersuchen, wie}
}


@online{UserManual.wiki.2013,
 author = {UserManual.wiki},
 year = {31.03.2022},
 title = {VOLTCRAFT},
 url = {https://usermanual.wiki/Document/124411an01mlVOLTCRAFTVC650BTDESKTOPDMdeenfrnl.944528595},
 abstract = {User Manual:   VOLTCRAFT{\_}VC650BT{\_}DESKTOP{\_}DM{\_}de{\_}en{\_}fr{\_}nl - Ver. 01 Bench multimeter digital VOLTCRAFT VC650BT Calibrated to: Manufacturer’s standards (no certificate) CAT II 600 V Displa from Conrad.com},
 note = {19:22 Uhr},
 language = {de; en; fr; nld;},
 subtitle = {VC650BT DIGITAL-MULTIMETER}
}


@book{Walcher.1971,
 author = {Walcher, Wilhelm and Elbel, Matthias},
 year = {1971},
 title = {Praktikum der Physik},
 edition = {2., überarb. und erw. Aufl.},
 publisher = {Teubner},
 isbn = {3519130165},
 subtitle = {Mit 104 Versuchen, 16 Tabellen im Text und einem Tabellenanhang},
 language = {ger},
 series = {Teubner-Studienbücher Physik},
 abstract = {}
}


@book{Walcher.2004,
 author = {Walcher, Wilhelm},
 year = {2004},
 title = {Praktikum der Physik},
 url = {http://swbplus.bsz-bw.de/bsz109927729cov.htm},
 edition = {8., überarb. Aufl.},
 publisher = {Teubner},
 isbn = {978-3-519-23038-0},
 subtitle = {Mit 88 Versuchen, 14 Tabellen im Text, einem Tabellenanhang und einem ausklappbaren Periodensystem der Elemente},
 language = {ger},
 series = {Teubner-Studienbücher Physik},
 abstract = {}
}


@book{Waldi.2020,
 author = {WALDI, ROLAND},
 year = {2020},
 title = {Statistische Datenanalyse},
 keywords = {Datenanalyse},
 edition = {2},
 publisher = {Springer},
 isbn = {978-3-662-60644-5},
 subtitle = {Grundlagen und Methoden für Studierende der Physik},
 abstract = {}
}


@book{Wangenheim.2010,
 author = {von Wangenheim, Lutz},
 year = {2010},
 title = {Analoge Signalverarbeitung},
 edition = {1. Aufl.},
 publisher = {{Vieweg + Teubner}},
 isbn = {978-3-8348-0764-9},
 subtitle = {Systemtheorie, Elektronik, Filter, Oszillatoren, Simulationstechnik},
 language = {ger},
 series = {Studium},
 abstract = {}
}


@online{Wikipedia.2018,
 editor = {Wikipedia},
 year = {2018},
 title = {Liste von Trägheitstensoren},
 url = {https://de.wikipedia.org/w/index.php?title=Liste_von_Trägheitstensoren&oldid=183361288},
 urldate = {2020-06-13},
 abstract = {Der Trägheitstensor (Formelzeichen 









I



,



Θ



,

I





{\displaystyle \mathbf {I} ,\mathbf {\Theta } ,I}

, Dimension M L², SI-Einheit kg m²) eines starren Körpers gibt seine Trägheitsmomente an, also den Widerstand des Körpers gegen beschleunigte Drehungen. Der Trägheitstensor spielt für Drehungen eine vergleichbare Rolle wie die Masse für Translationsbewegungen. Er darf nicht verwechselt werden mit dem Flächenträgheitsmoment, das bei Balkenbiegungen verwendet wird.

Die Berechnung des Trägheitstensors realer Körper erfordert die Auswertung von Volumenintegralen, was entsprechend aufwändig ist. Einfacher gestaltet sich die Bestimmung, wenn der Körper aus Teilen zusammengesetzt ist, deren Trägheitstensor bekannt ist. Mit der Regel für die Tensortransformation bei Drehungen und dem Steiner’schen Satz kann dann der Trägheitstensor des Körpers ohne Integrationen ermittelt werden. In den Tabellen unten sind zu diesem Zweck die Trägheitstensoren einiger einfacher Körper mit homogener Massenverteilung aufgelistet.},
 file = {Wikipedia (Hg.) 2018 - Liste von Trägheitstensoren:Attachments/Wikipedia (Hg.) 2018 - Liste von Trägheitstensoren.pdf:application/pdf},
 note = {Creative Commons Attribution-ShareAlike License
Page Version ID: 183361288},
 language = {de}
}


@online{Wikipedia.2020,
 author = {Unbekannt},
 editor = {Wikipedia},
 year = {2020},
 title = {Stoß},
 url = {https://de.wikipedia.org/w/index.php?title=Sto%C3%9F_(Physik)&oldid=199091073},
 urldate = {2020-05-09},
 abstract = {Ein Stoß ist ein Vorgang, bei dem zwei oder mehr Körper kurzzeitig Kraft aufeinander ausüben. Als Folge ändern die Körper ihren Bewegungszustand, möglicherweise auch ihre Form und Zusammensetzung. In einem Inertialsystem gilt für alle Stöße der Impulserhaltungssatz – die Summe aller Impulsvektoren bleibt konstant. Auch die Energieerhaltung spielt eine Rolle; sie umfasst aber nicht nur die mechanischen Energieformen, wie inelastische und reaktive Stöße zeigen.

Die grundlegenden Stoßgesetze und ihre mathematische Beschreibung wurden in der Zeit zwischen 1651 und 1655 von Christiaan Huygens aufgestellt unter Verwendung des Galileischen Relativitätsprinzips (siehe Galilei-Transformation). Ihre empirische Gültigkeit ist wesentlich für den Begriff der trägen Masse.},
 file = {Unbekannt 2020 - Stoß:Attachments/Unbekannt 2020 - Stoß.pdf:application/pdf},
 note = {Creative Commons Attribution-ShareAlike License
Page Version ID: 199091073},
 language = {de},
 subtitle = {Physik}
}


@online{Wikipedia.2020b,
 editor = {Wikipedia},
 year = {2020},
 title = {Permittivität},
 url = {https://de.wikipedia.org/w/index.php?title=Permittivität&oldid=200231930},
 urldate = {2020-05-26},
 abstract = {Die Permittivität ε (von lat. permittere: erlauben, überlassen, zulassen), auch dielektrische Leitfähigkeit oder dielektrische Funktion genannt, gibt in der Elektrodynamik und auch in der Elektrostatik die Polarisationsfähigkeit eines Materials durch elektrische Felder an.

Auch dem Vakuum ist eine Permittivität zugewiesen, da sich auch im Vakuum elektrische Felder einstellen oder elektromagnetische Felder ausbreiten können. Es handelt sich um eine Naturkonstante, nämlich die elektrische Feldkonstante









ε



0









{\displaystyle \varepsilon {\_}{0}}

. Die Permittivität eines Stoffes wird dann als Vielfaches der Permittivität des Vakuums angegeben:







ε

=



ε



0







ε





r











{\displaystyle \varepsilon =\varepsilon {\_}{0}\varepsilon {\_}{\mathrm {r} }}

Hierbei ist der Faktor









ε





r











{\displaystyle \varepsilon {\_}{\mathrm {r} }}

die stoffabhängige relative Permittivität. Sie hängt jedoch nicht nur von der Art des Stoffes ab, sondern unter anderem auch von der Frequenz der wirksamen Felder.},
 file = {Wikipedia (Hg.) 2020 - Permittivität:Attachments/Wikipedia (Hg.) 2020 - Permittivität.pdf:application/pdf},
 note = {Creative Commons Attribution-ShareAlike License
Page Version ID: 200231930},
 language = {de}
}


@online{Wikipedia.2020c,
 author = {Unbekannt},
 editor = {Wikipedia},
 year = {2020},
 title = {Magnetische Feldstärke},
 url = {https://de.wikipedia.org/w/index.php?title=Magnetische_Feldstärke&oldid=197948873},
 urldate = {2020-06-16},
 abstract = {Die magnetische Feldstärke (Formelzeichen: 







H





{\displaystyle H}

), auch als magnetische Erregung bezeichnet, ordnet als vektorielle Größe jedem Raumpunkt eine Stärke und Richtung des durch die magnetische Spannung erzeugten Magnetfeldes zu. Sie hängt über die Materialgleichungen der Elektrodynamik (innerhalb linearer, homogener, isotroper, zeitinvarianter Materie zu:













B

→







=

μ

⋅







H

→











{\displaystyle {\vec {B}}=\mu \cdot {\vec {H}}}

) mit der magnetischen Flussdichte







B





{\displaystyle B}

zusammen.

Die internationale Einheit der magnetischen Feldstärke ist das Ampere pro Meter:









[

H

]



=









A





m











{\displaystyle \left[H\right]=\,{\mathrm {A}  \over \mathrm {m} }}},
 file = {Wikipedia (Hg.) 2020 - Magnetische Feldstärke:Attachments/Wikipedia (Hg.) 2020 - Magnetische Feldstärke.pdf:application/pdf},
 note = {Creative Commons Attribution-ShareAlike License
Page Version ID: 197948873},
 language = {de}
}


@online{Wikipedia.2022,
 editor = {Wikipedia},
 year = {2022},
 title = {Planck constant},
 url = {https://en.wikipedia.org/w/index.php?title=Planck_constant&oldid=1084558940},
 urldate = {2022-05-02},
 abstract = {The Planck constant, or Planck's constant, is a fundamental physical constant denoted 







h





{\displaystyle h}

, and is of fundamental importance in quantum mechanics. A photon's energy is equal to its frequency multiplied by the Planck constant.  Due to mass–energy equivalence, the Planck constant also relates mass to frequency.

In metrology it is used, together with other constants, to define the kilogram, an SI unit. The SI units are defined in such a way that, when the Planck constant is expressed in SI units, it has the exact value







h





{\displaystyle h}

= 6.62607015×10−34 J⋅Hz−1.At the end of the 19th century accurate measurements of the spectrum of black body radiation existed, but the distribution of those measurements at higher frequencies diverged significantly from what was predicted by then-existing theories. In 1900, Max Planck empirically derived a formula for the observed spectrum. He assumed a hypothetical electrically charged oscillator in a cavity that contained black-body radiation could only change its energy in a minimal increment,







E

,





{\displaystyle E,}

that was proportional to the frequency of its associated electromagnetic wave. He was able to calculate the proportionality constant from the experimental measurements, and that constant is named in his honor. In 1905, Albert Einstein determined a {\textquotedbl}quantum{\textquotedbl} or minimal element of the energy of the electromagnetic wave itself. The light quantum behaved in some respects as an electrically neutral particle, and was eventually called a photon. Max Planck received the 1918 Nobel Prize in Physics {\textquotedbl}in recognition of the services he rendered to the advancement of Physics by his discovery of energy quanta{\textquotedbl}.},
 file = {Wikipedia (Hg.) 2022 - Planck constant:Attachments/Wikipedia (Hg.) 2022 - Planck constant.pdf:application/pdf},
 note = {Creative Commons Attribution-ShareAlike License
Page Version ID: 1084558940},
 language = {en}
}


@article{Xia.2018,
 author = {Xia, Zhaoming and Zhang, Hao and Shen, Kongchao and Qu, Yongquan and Jiang, Zheng},
 year = {2018},
 title = {Wavelet analysis of extended X-ray absorption fine structure data: Theory, application},
 pages = {12--19},
 pagination = {page},
 volume = {542},
 issn = {09214526},
 journaltitle = {Physica B: Condensed Matter},
 doi = {10.1016/j.physb.2018.04.039},
 abstract = {},
 note = {PII:  S0921452618303053}
}


@book{Zach.2022,
 author = {Zach, Franz},
 year = {2022},
 title = {Leistungselektronik},
 edition = {6., überarbeitete und erweiterte Auflage},
 publisher = {{Springer Vieweg}},
 isbn = {978-3-658-31435-4},
 subtitle = {Ein Handbuch Band 1/Band 2},
 language = {ger},
 series = {Springer eBook Collection},
 abstract = {Mathematische und elektrotechnische Grundlagen ‐ Regelungs- und Steuerungskreise ‐ Energie- und nachrichtentechnische Aspekte der Beeinflussungen sowie Optimierungen ‐ Konventionelle und neuere aktive sowie passive Bauelemente, Ansteuerungen, Beschaltungen und Anwendungen (z.B. Leistungsteile mit Netz- und Lastführung, Löschkreise, insbesondere Schaltnetzteile) ‐ Spezielle Methoden (z.B. u-Zi-Diagramme) für Analyse und Optimierungen ‐ Neuere Methoden der elektromagnetischen Verträglichkeit, CE-Kennzeichnung, Normen.

Die Methoden der Leistungselektronik gewinnen ständig an Bedeutung, insbesondere für die Entwicklung von neuen Antriebskonzepten (z. B. für Kraftfahrzeuge), Stromversorgungen (Schaltnetzteilen) elektronischer Geräte (von Computern, Mobiltelefonen etc.), Beleuchtungstechnik, Solarkonvertern etc. In dieser überarbeiteten und erweiterten Ausgabe des Standardwerks von Professor Zach werden Aufbau, Wirkungsweise und Analyse der entsprechenden Schaltungsprinzipien und der elektrischen Vorgänge anhand von Funktionsabläufen, Zeitdiagrammen und Schnittzeichnungen grundlegend dargestellt. Der Inhalt Mathematische und elektrotechnische Grundlagen – Regelungs- und Steuerungskreise – Energie- und nachrichtentechnische Aspekte der Beeinflussungen sowie Optimierungen – Konventionelle und neuere aktive sowie passive Bauelemente, Ansteuerungen, Beschaltungen und Anwendungen (z.B. Leistungsteile mit Netz- und Lastführung, Löschkreise, insbesondere Schaltnetzteile) – Spezielle Methoden (z.B. u-Zi-Diagramme) für Analyse und Optimierungen – Neuere Methoden der elektromagnetischen Verträglichkeit, CE-Kennzeichnung, Normen Die Zielgruppen Ingenieure, Dozenten, Professoren, Studenten sowie Forscher auf dem Gebiet der Leistungselektronik (Bauelemente, Schaltungen, Regelungen und Steuerungen, EMV) in Entwicklung und Lehre Der Autor Univ.-Prof. Dipl.-Ing. Dr. Franz Zach: Langjähriger Leiter der Abteilung für Leistungselektronik an der TU Wien, mehrjährige Forschungstätigkeiten bei General Electric und der Weltraumbehörde NASA ab Mai 1969. Forschungsprojekte, gefördert von Siemens GWW, Fronius, FWF u. a. Circa 130 Publikationen in Fachzeitschriften und auf internationalen Konferenzen sowie das Buch „Technisches Optimieren“ im Springer Verlag.},
 doi = {10.1007/978-3-658-31436-1},
 note = {Zach, Franz (VerfasserIn)}
}


@article{Zhang.2012,
 author = {Zhang, B. and Abbas, A. and Romagnoli, J. A.},
 year = {2012},
 title = {Monitoring crystal growth based on image texture analysis using wavelet transformation},
 pages = {33--38},
 pagination = {page},
 volume = {45},
 issn = {14746670},
 journaltitle = {IFAC Proceedings Volumes},
 doi = {10.3182/20120710-4-SG-2026.00027},
 number = {15},
 abstract = {},
 note = {PII:  S1474667016304153}
}


@book{Zinth.2013,
 author = {Zinth, Wolfgang and Aumüller, Ursula},
 year = {2013},
 title = {Optik},
 edition = {4., aktualisierte Auflage},
 publisher = {Oldenbourg},
 isbn = {978-3-486-72136-2},
 subtitle = {Lichtstrahlen - Wellen - Photonen},
 language = {ger},
 location = {München},
 abstract = {},
 pagetotal = {341}
}


